4002 5238
266 304 300 356 30

265 473 327 556 VI,
353 473 415 538 568
441 471 530 552 aaa
548 472 615 538 nisi
634 467 793 552 respirant
812 470 905 549 renti,
927 471 977 534 ais
994 469 1087 536 natta
1109 469 1248 556 refrenet

439 589 505 654 Res
525 609 621 672 neqrre
643 588 682 653 ab
702 590 796 652 emilia
811 589 918 669 possit
938 588 1162 669 reprehendere
1183 591 1306 654 enntis:

439 707 537 776 Nnne
556 708 633 791 atria
652 709 816 789 respiraret
836 707 969 772 alternis
989 710 1083 790 inane
1102 714 1291 792 granescunt
1314 759 1320 772 .
1345 759 1351 772 .
1376 759 1382 772 .

235 943 239 956 .
267 884 491 957 Simillimum
514 887 569 954 est
592 883 686 972 quod
711 882 735 954 l.
763 880 792 954 I.
820 903 852 954 v.
873 883 971 954 1066
997 883 1148 976 legitur,
1175 905 1247 976 aas,
1275 883 1336 974 qui
1361 884 1398 955 iu
1425 883 1539 955 altera
1565 882 1687 956 muudi

267 1026 367 1111 parte
392 1020 565 1111 habitent,
591 1019 709 1114 putari
733 1021 862 1088 alternis
888 1020 1050 1088 nobiscnm
1075 1037 1215 1110 tempora
1241 1022 1319 1090 caeli
1344 1021 1480 1090 dividere
1487 1045 1500 1110 ‚·
1527 1040 1608 1093 nam
1637 1021 1688 1090 illi

269 1162 430 1230 nobiscnm
456 1158 586 1228 alternis
609 1155 703 1228 idem
729 1161 784 1227 est
808 1161 912 1243 atque
939 1155 988 1222 itti
1013 1170 1042 1223 et
1065 1178 1123 1223 aas
1145 1155 1286 1224 alternis.
1331 1154 1420 1226 Tum
1439 1154 1464 1225 l.
1484 1152 1519 1224 V
1537 1175 1592 1226 vv.
1613 1154 1686 1226 635

267 1273 325 1387 sq.⁴
347 1295 501 1368 dubitari
525 1297 653 1385 potest,
680 1294 811 1361 alternis
836 1296 955 1362 utrum
981 1290 1183 1362 adverbium
1210 1311 1254 1361 au
1282 1291 1492 1365 adiectivum
1519 1291 1583 1362 sit:

439 1477 498 1541 Fit
516 1496 632 1558 qnoque
649 1480 686 1539 nt
706 1495 723 1538 e
743 1473 856 1538 mnndi
876 1473 1068 1537 transuersis
1082 1471 1233 1553 partina
1254 1474 1310 1536 air

440 1594 586 1660 Alternis
606 1598 687 1659 certa
700 1593 804 1677 flnere
825 1593 907 1660 alter
928 1596 1061 1672 manare
1076 1592 1189 1672 possit.

264 1769 357 1842 Nam
389 1771 413 1841 l.
438 1767 473 1840 V
497 1790 552 1840 vv.
580 1768 652 1839 641
680 1789 732 1856 sq.
757 1773 794 1839 et
823 1767 896 1837 699
925 1787 977 1854 sq.
1010 1768 1139 1835 alternis
1164 1767 1336 1840 adiectum
1368 1788 1445 1840 esse
1480 1768 1621 1841 videtur
1654 1769 1689 1840 ei

266 1907 359 1996 quod
386 1912 441 1977 est
462 1905 628 1994 partitas:

439 2085 486 2150 Et
502 2086 625 2150 ratione
639 2085 721 2166 pari
741 2085 850 2148 innam
871 2061 1043 2166 stellasque
1054 2085 1271 2166 putandumst,

443 2204 530 2286 Quae
550 2205 675 2270 aalannt
694 2223 825 2287 maanes
845 2205 882 2268 in
902 2205 1028 2287 mannis
1049 2203 1173 2269 arbilns
1195 2212 1304 2284 annas,

439 2323 577 2389 A'e'rilns
591 2344 689 2422 ¹passe
710 2324 843 2388 alternis
864 2324 1045 2405 apartibus
1066 2326 1123 2388 ire.

438 2492 509 2556 Ant
528 2495 632 2577 etiarn,
653 2494 730 2576 qnia
750 2495 797 2558 sie
818 2493 951 2558 alternis
967 2494 1117 2574 partibas
1138 2495 1218 2559 anni

304 2643 308 2652 ·
443 2612 582 2678 Tardius
604 2619 634 2678 et
655 2616 748 2678 aitins
770 2618 958 2678 aonsrnrnnt
979 2613 1131 2696 eanflnere
1152 2613 1251 2694 tanes.

268 2787 431 2884 Denique
456 2788 587 2859 accedit
608 2787 632 2858 l.
659 2787 714 2858 IV
732 2811 764 2859 v.
786 2787 877 2858 788:
904 2788 1090 2860 simulacra
1111 2787 1266 2854 mobiliter
1289 2811 1359 2862 carn
1384 2787 1515 2854 alternis
1538 2787 1685 2856 bracalia

267 2924 403 2993 inurant.
449 2923 538 2994 Tum
565 2924 659 3011 quud
683 2923 831 2994 alterum
851 2945 960 3012 genus
979 2944 1056 2994 esse
1076 2923 1158 3014 dixi,
1183 2921 1220 2993 id
1239 2943 1307 2993 nau
1326 2924 1429 2994 aliter
1448 2929 1684 3013 counparatum

269 3065 340 3151 est,
376 3060 457 3148 quia
484 3065 544 3131 aut
570 3080 694 3149 parum
722 3067 784 3130 aut
816 3059 904 3130 nihil
937 3060 1105 3151 interest,
1138 3064 1256 3129 utrum
1289 3060 1333 3130 ad
1366 3081 1424 3130 res
1455 3059 1611 3150 singulas
1640 3082 1684 3132 an

268 3194 313 3265 ad
350 3215 470 3266 earum
502 3216 669 3266 summam
716 3197 845 3264 alternis
891 3193 1082 3286 referatur,
1125 3217 1271 3284 quorum
1308 3195 1458 3267 alterum
1496 3194 1685 3268 Lucretius

267 3331 350 3406 fecit
384 3332 409 3403 l.
441 3330 460 3403 I
491 3353 524 3403 v.
550 3332 667 3423 1011,
707 3351 785 3405 cum
822 3337 983 3404 naturam
1023 3353 1149 3422 eorpus
1184 3332 1281 3403 inani
1321 3338 1358 3402 et
1394 3332 1498 3403 inane
1539 3351 1684 3422 corpore

267 3469 367 3540 finire
393 3469 496 3559 dixit,
534 3471 574 3538 Ut
604 3471 648 3538 sie
681 3470 808 3538 alternis
840 3470 964 3560 infinita
1001 3471 1109 3538 omitia
1142 3470 1262 3536 reddat.
1327 3465 1419 3538 Nam
1444 3469 1575 3536 alternis
1600 3467 1686 3540 loeis

267 3625 375 3696 supra
412 3597 597 3695 adsumptis
637 3606 889 3678 conuenienter
916 3627 987 3676 non
1015 3607 1124 3694 magis
1159 3605 1203 3676 ad
1241 3625 1347 3674 unum
1383 3625 1485 3694 quam
1522 3604 1567 3676 ad
1603 3605 1688 3677 alte·

268 3763 344 3814 rum
385 3719 524 3834 aarum,
565 3742 608 3814 de
645 3743 770 3831 quibus
803 3743 938 3834 agitur,
978 3743 1156 3832 pertinere
1191 3748 1353 3833 apparet3
1397 3762 1566 3829 nusquam
1601 3762 1686 3811 vero

269 3899 394 3968 carpus
430 3879 576 3950 alteruis
612 3879 714 3950 finire
753 3863 858 3948 inane
897 3877 954 3948 vel
991 3879 1098 3950 inane
1138 3878 1284 3952 alteruis
1327 3877 1428 3949 finire
1465 3897 1591 3967 eorpus
1630 3876 1688 3948 vel

269 4015 395 4085 similia
428 4016 604 4104 leguntur.
665 4015 739 4087 Iam
778 4015 1001 4106 perspicitur,
1039 4034 1142 4103 quam
1177 4013 1281 4104 longe
1316 4014 1408 4086 absit
1443 4015 1486 4084 ab
1519 4034 1585 4084 usu
1618 4014 1687 4086 isto

267 4152 292 4221 l.
321 4150 394 4221 Iu.
422 4152 516 4241 524,
557 4173 624 4260 quo
653 4152 786 4220 alternis
814 4175 928 4242 carpas
955 4152 1049 4220 inani
1077 4152 1255 4234 distinctum
1292 4171 1369 4222 esse
1407 4151 1500 4221 idem
1537 4117 1688 4240 seriptor

261 4287 397 4402 'dixisse
425 4289 579 4360 codicum
605 4287 811 4359 auctoritate
837 4287 1002 4362 creditur.
1061 4285 1109 4360 Et
1140 4289 1205 4360 hac
1231 4286 1370 4377 quidem
1404 4287 1447 4358 ab
1473 4286 1549 4376 ipso
1581 4294 1688 4379 poeta
