4002 5238
286 351 322 404 ³2

290 526 474 624 ‚duntaxat
499 520 628 597 inane‘.
681 528 771 600 Turn
795 524 1004 618 Lambinus,
1027 546 1071 598 ne
1099 525 1177 615 quis
1195 547 1259 597 sua
1276 526 1384 597 verba
1401 525 1452 598 ito
1468 526 1706 620 intellegeret,

288 675 331 735 nt
352 663 608 750 intellegantur
629 669 782 754 oportet,
806 663 882 754 ipse
905 683 988 734 vero
1015 663 1151 734 ratione
1168 661 1332 736 subiecta
1357 664 1464 737 eavit:
1493 665 1568 761 ‚hoc
1593 665 1706 756 docet,

288 775 354 874 lroo
393 800 596 871 universum
635 817 749 888 neque
783 819 861 870 esse
893 819 1039 888 prorsus
1072 798 1215 890 plenum
1247 803 1284 870 et
1315 809 1441 891 corpus
1474 822 1607 874 merum
1644 820 1708 874 ner

289 937 441 1011 vicissim
466 957 612 1026 prorsus
644 937 769 1028 inane,
803 935 865 1007 sed
893 953 1039 1026 corpore
1066 940 1102 1006 et
1133 935 1230 1006 inani
1258 931 1492 1029 distinctnm‘3
1517 938 1554 1008 in
1581 937 1707 1027 quibus

288 1074 546 1146 animadvertas
600 1073 724 1166 velim,
782 1072 1072 1164 quemadmodum
1119 1071 1299 1162 scriptoris
1341 1071 1450 1143 verba
1503 1072 1707 1165 depravato,

289 1210 447 1299 quamvis
471 1210 620 1300 nescim,
646 1209 850 1300 eorrexerit,
873 1226 951 1282 cum
979 1227 1136 1307 ‚corpore
1155 1213 1191 1278 et
1209 1207 1306 1278 inani
1323 1202 1538 1279 distinctnm‘
1566 1209 1708 1298 diceret,

289 1347 327 1418 id
354 1347 447 1436 quod
473 1345 642 1438 asyndeto
669 1345 819 1416 admisso
846 1345 993 1436 primae,
1020 1365 1123 1432 quam
1150 1345 1294 1436 protuli,
1321 1342 1529 1415 emendandi
1562 1345 1708 1414 rationis

290 1481 468 1554 consimile
497 1481 575 1552 erit.
627 1480 792 1570 Denique
819 1501 861 1552 ea
880 1480 991 1572 nocet,
1011 1500 1100 1570 quae
1119 1500 1286 1570 perversa
1312 1485 1413 1552 sunt:
1442 1481 1509 1579 ‚vel
1528 1480 1592 1555 hoc
1611 1480 1708 1570 dicit,

290 1619 380 1690 nihil
406 1638 484 1690 esse
512 1617 687 1709 genitum,
717 1618 811 1707 quod
836 1617 893 1689 vel
915 1638 1059 1709 prorsus
1085 1617 1228 1706 plenum
1252 1617 1309 1687 vel
1336 1637 1479 1706 prorsus
1507 1617 1610 1688 inane
1637 1610 1707 1688 sit‘.

289 1753 392 1826 Haeo
415 1773 584 1843 perversa
610 1757 691 1824 sunt
721 1758 927 1845 propterea,
961 1752 1052 1841 qnod
1080 1765 1164 1821 error
1190 1753 1397 1826 vocabulum
1430 1774 1499 1824 non
1530 1752 1632 1823 modo
1665 1753 1710 1824 od

290 1911 334 1962 ea
365 1891 540 1981 pertinet,
573 1909 660 1979 quoe
695 1909 713 1959 e
747 1889 948 1978 primordiis
976 1881 1093 1962 ereata
1117 1895 1219 1980 sunt,
1246 1888 1310 1960 sed
1336 1888 1441 1959 etiam
1468 1889 1512 1959 ad
1538 1889 1616 1978 ipsa
1641 1888 1709 1958 ele·

290 2031 432 2118 menta3
466 2044 574 2115 quare
607 2043 683 2096 eum
715 2023 901 2098 Lucretius
937 2024 1120 2114 scripserit
1154 2048 1209 2094 neo
1230 2027 1362 2115 plenum
1389 2027 1511 2094 oooiter
1537 2039 1623 2093 eaeor
1644 2025 1711 2092 Neo

288 2185 388 2253 porro
414 2185 558 2250 vacuom,
584 2161 669 2252 hoo,
696 2160 765 2230 nisi
791 2159 936 2232 adrem
969 2162 1253 2253 suprapositam
1280 2159 1473 2253 referatur,
1506 2161 1599 2232 idem
1632 2182 1710 2232 esse

291 2304 397 2387 atque
425 2297 513 2369 nihil
539 2298 678 2369 omnino
705 2301 845 2368 exstare
871 2297 927 2368 vel
952 2297 1094 2386 plenum
1114 2299 1170 2370 vel
1188 2317 1332 2371 vacuum
1359 2298 1620 2373 concedendum
1643 2307 1709 2390 est,

291 2455 404 2523 neque
432 2455 494 2505 suo
518 2433 594 2504 iure
615 2431 809 2504 Lambinus
834 2432 963 2520 aliique
988 2439 1123 2506 creatas
1141 2454 1198 2506 res
1216 2435 1400 2524 cogitando
1420 2435 1577 2526 suppleri
1591 2435 1709 2507 volne-

292 2575 386 2641 runt.
439 2567 562 2656 Itaque
590 2568 783 2640 rectissime
810 2566 1002 2641 Greeohius
1035 2570 1312 2672 rem-intellexit
1336 2571 1469 2645 huncce
1505 2572 1542 2642 in
1569 2573 1709 2645 modum

219 2695 221 2700 ’
290 2709 565 2796 interpretatus:
607 2701 834 2801 ‚Alternatim
866 2704 974 2792 igitur
1006 2722 1130 2796 corpus
1164 2705 1261 2778 inani
1294 2707 1494 2806 distinctum
1529 2712 1602 2800 est,
1633 2725 1707 2780 enm

291 2842 494 2913 universum
522 2839 663 2911 nonsit
689 2840 829 2910 omnino
857 2839 999 2930 plenum
1026 2860 1091 2913 neo
1119 2841 1259 2915 omnino
1284 2835 1454 2914 vacuum!
1608 2819 1610 2825 ¹

418 2974 546 3048 Restat
569 2982 609 3048 ut
628 2976 670 3048 de
688 2975 795 3047 totins
813 2975 882 3049 loci
899 2975 968 3046 fine
987 2977 1073 3048 satis
1093 2974 1226 3049 difficili
1244 2978 1329 3065 quid
1347 2979 1507 3068 sentiam,
1526 2999 1707 3067 exponam.

291 3113 607 3187 Demonstraturus
633 3110 701 3183 fuit
725 3116 830 3201 poeta
855 3129 1002 3201 corpora
1028 3118 1166 3185 exstare
1193 3133 1339 3202 prorsus
1366 3113 1495 3206 solida,
1523 3114 1708 3205 inquibus

292 3249 381 3320 nihil
408 3255 503 3320 esset
523 3249 639 3319 inanis
674 3249 764 3338 puri.
831 3246 909 3319 Hoc
940 3248 1022 3319 inde
1055 3247 1223 3340 efficitur,
1259 3250 1371 3341 quod,
1402 3267 1478 3322 cum
1506 3249 1635 3339 duplex
1662 3252 1710 3322 sit

238 3437 241 3444 λ
292 3391 420 3458 natura
442 3384 597 3475 eorporis
621 3387 657 3456 et
681 3384 812 3474 inaniS,
840 3389 990 3472 utraque
1019 3384 1124 3456 etiam
1150 3406 1213 3474 per
1239 3406 1277 3456 so
1304 3391 1340 3456 et
1364 3407 1453 3475 pura
1480 3385 1538 3475 sit,
1564 3404 1707 3457 necesse

291 3521 472 3613 videatur,
498 3525 572 3593 tum
596 3521 758 3610 quoniam
784 3521 822 3590 in
852 3519 959 3594 rebus
990 3523 1115 3598 creatis
1142 3523 1246 3594 inane
1272 3521 1375 3612 insit,
1399 3521 1548 3593 solidum
1574 3521 1707 3611 aliquid

291 3657 326 3728 ei
353 3656 603 3730 circumdatum
631 3635 708 3728 esse
735 3653 954 3728 manifestum
982 3656 1039 3727 sit.
1093 3655 1252 3728 Tertium
1276 3655 1411 3729 accedit
1435 3655 1520 3729 hoc:
1558 3656 1588 3727 si
1619 3655 1707 3726 nihil

292 3800 389 3866 esset
412 3811 575 3884 vacuum,
602 3798 675 3864 tum
700 3813 801 3862 omne
830 3799 923 3863 esset
950 3792 1119 3882 soli'dnm3
1153 3793 1183 3862 si
1208 3792 1299 3864 nihil
1327 3796 1422 3864 esset
1445 3792 1606 3882 plenunm
1634 3798 1707 3861 tum

291 3951 392 4000 omne
418 3935 513 4000 esset
535 3929 640 3999 inane
670 3948 816 4017 purum3
849 3927 946 4016 atqui
980 3948 1079 3998 omne
1112 3949 1225 4017 neque
1255 3950 1400 4020 prorsus
1426 3929 1567 4019 plenum
1594 3949 1708 4018 neque

292 4065 432 4136 omnino
451 4083 606 4153 vaenum,
635 4063 697 4134 sed
719 4063 770 4134 ita
798 4064 947 4135 divisum
967 4070 1033 4153 est,
1058 4069 1098 4135 ut
1122 4081 1245 4154 corpus
1264 4065 1307 4135 ab
1326 4065 1422 4137 inani
1440 4085 1528 4155 puro
1547 4069 1583 4136 et
1601 4065 1705 4136 inane

291 4222 417 4291 purum
449 4219 638 4289 acorpore
666 4199 858 4272 diiunctum
886 4200 950 4290 sit3
986 4221 1068 4288 ergo
1098 4205 1237 4271 exstant
1259 4218 1404 4290 corpora
1431 4206 1544 4291 certa,
1581 4201 1707 4289 quibus

290 4337 363 4430 fiat,
388 4344 428 4410 ut
453 4338 592 4428 plenum
619 4338 662 4409 ab
690 4335 786 4407 inani
813 4337 874 4406 illo
901 4337 1103 4408 distinctum
1129 4337 1175 4409 sit
1200 4337 1268 4427 (vv.
1291 4338 1363 4408 526
1389 4338 1473 4428 sq.):
