4002 5238
1711 358 1746 411 23

258 553 262 562 ·
323 549 412 603 nunc
439 529 613 628 omittam)
648 532 725 604 fiori
756 555 826 605 non
861 557 983 630 posse,
1016 527 1056 607 nt
1087 536 1236 629 spatium
1269 535 1381 607 solum
1406 535 1543 606 finitum
1554 499 1748 634 ,smateria

322 668 460 740 infinita
491 675 586 742 esset
617 671 744 744 adiecit
778 645 880 761 (narn¹
907 663 1045 745 infinita
1075 674 1244 746 materiae
1276 693 1411 778 summa
1424 667 1427 674 ⁴
1441 672 1480 742 in
1506 671 1606 742 finito
1633 649 1748 760 spatio

286 783 437 880 'locum
470 827 541 878 non
575 807 741 900 haberet,
773 809 836 880 ubi
871 816 966 883 stare
992 799 1138 904 posset).
1198 805 1277 882 Ho'o
1303 807 1493 882 Lueretius
1519 807 1665 878 uberius
1691 773 1763 877 en·¹

280 961 281 966 ¹
321 944 453 1031 pon'ere
472 942 599 1034 noluit,
618 964 816 1034 quanquam
836 968 869 1017 v.
892 945 966 1028 127
985 947 1139 1032 breviter
1157 945 1387 1036 significarim
1412 963 1528 1046 neque
1549 944 1756 1044 quiequam

322 1078 416 1167 quod
442 1098 552 1167 aequo
575 1079 652 1150 iure
679 1083 970 1174 praetermiserit,
997 1081 1115 1154 afferri
1140 1067 1268 1172 potest

447 1212 502 1285 Ea
524 1215 636 1303 igitur
660 1217 755 1302 inter
786 1216 934 1309 Epicuri
964 1222 1001 1288 et
1028 1216 1188 1291 Lucretii
1221 1217 1478 1307 disputationes
1511 1215 1603 1287 ratio
1640 1215 1748 1286 inter-

322 1351 426 1442 cedit,
445 1358 486 1424 ut
498 1354 605 1424 trium
620 1355 716 1426 illins
730 1355 883 1444 partium
902 1355 1044 1426 tertiam
1060 1354 1117 1428 hio
1136 1359 1175 1424 nt
1191 1352 1352 1423 inutilem
1374 1350 1582 1442 neglexerit
1599 1350 1747 1440 primam

320 1508 404 1560 vero
432 1488 551 1561 multis
579 1490 684 1562 rebus
709 1491 858 1582 auxerit,
880 1510 957 1563 eum
983 1512 1053 1562 non
1073 1489 1175 1560 modo
1194 1494 1293 1560 entra
1312 1509 1414 1559 omne
1432 1493 1469 1558 et
1487 1487 1639 1577 spatium
1657 1487 1747 1557 nihil

322 1645 417 1716 esse,
446 1626 639 1697 sedetiam
667 1628 763 1698 intra
789 1633 979 1717 utrumque
1005 1627 1042 1697 id
1064 1595 1159 1717 fieri,
1185 1625 1279 1714 quod
1302 1625 1339 1694 in
1366 1624 1504 1695 infinito
1531 1623 1644 1694 solum
1669 1621 1748 1693 fieri
1778 1657 1782 1666 ·

307 1763 452 1852 posset,
470 1762 609 1852 copiose
629 1762 782 1834 doceret.
807 1859 810 1866 Δ
831 1763 944 1852 Quam
964 1763 1007 1834 ob
1027 1784 1101 1833 rem
1120 1763 1282 1834 dubitare
1302 1761 1388 1853 noli,
1408 1761 1490 1850 quin
1509 1776 1623 1848 neque
1642 1731 1749 1849 spatii
1816 1777 1819 1784 ·

264 1967 268 1978 ,
321 1898 551 1969 infinitionem
586 1898 630 1970 ab
664 1900 822 1971 universi
854 1900 1029 1971 infinitate
1063 1904 1260 1989 separatam
1294 1903 1483 1986 poetavv.
1518 1895 1747 1976 958-’κ1001ι

321 2035 537 2125 tractaverit,
565 2057 678 2124 neque
702 2036 945 2126 propositione
973 2036 1134 2124 neglecta
1168 2034 1374 2106 divisionem
1407 2009 1748 2121 tripartitam-insti·
1784 2042 1786 2047 ’

219 2197 223 2204 ·
321 2171 441 2258 tuerit.
494 2168 530 2242 Is
557 2172 650 2242 enim
672 2176 857 2262 postquam
884 2173 1100 2260 neutraque
1127 2192 1165 2241 re
1189 2192 1260 2241 una
1284 2190 1391 2262 opera
1414 2169 1512 2258 uixit,
1539 2182 1753 2272 seinatarom·

321 2307 383 2374 lori
409 2285 606 2398 spatiumque
631 2310 792 2401 profundi
826 2309 1033 2380 immensum
1067 2294 1149 2392 esse
1177 2306 1321 2378 evicisse
1358 2311 1451 2377 recte
1484 2304 1664 2378 contendit
1688 2327 1744 2378 vv.
1830 2331 1833 2338 ·

291 2461 295 2468 ·
322 2442 603 2514 1002-1007:

496 2675 558 2766 Est
578 2679 678 2761 imitor
699 2682 818 2743 notiora
840 2678 898 2741 troi
919 2678 1115 2758 spatiumque
1131 2676 1299 2760 profonda,

401 2775 404 2780 ¹
497 2797 586 2876 Quod
604 2818 701 2878 neque
723 2799 812 2862 oioro
832 2818 890 2868 sno,
905 2817 1093 2878 percurrere
1105 2795 1251 2879 fulmina
1273 2817 1367 2862 rursu

493 2913 646 2995 Perpetuo
661 2917 790 2995 possint
811 2917 881 2980 oeoa'
903 2915 1041 2980 labentia
1061 2921 1163 2980 truria

493 3031 563 3098 Nee
582 3029 731 3113 prorsum
746 3034 858 3117 sonere
879 3040 914 3097 ai
933 3040 1028 3099 restet
1049 3036 1156 3099 otinas
1176 3037 1224 3098 ire
1246 3035 1385 3100 amande.

423 3183 426 3192 ·
500 3149 604 3233 Usque
626 3152 702 3216 odeo
719 3155 848 3234 possano
863 3129 961 3234 potet
975 3155 1088 3236 inpane
1112 3156 1201 3235 eopia
1220 3155 1320 3234 reboo,

496 3269 636 3335 Finibus
657 3274 817 3352 eaempto‘s·
830 3273 867 3336 in
886 3278 1016 3368 *anctae
1037 3273 1173 3354 audique
1188 3275 1307 3353 portis.

446 3528 566 3602 Unum
593 3551 735 3636 eorum&
752 3551 840 3620 qnae
859 3551 897 3601 se
912 3529 1086 3604 facturum
1118 3551 1194 3602 esse
1226 3531 1446 3622 promiserat,
1472 3528 1604 3612 effecit:
1631 3534 1743 3600 totum

322 3647 474 3757 spatium
502 3667 677 3738 infinitum
705 3689 782 3738 esse
806 3667 1069 3739 demonstravit.
1126 3667 1229 3757 Quod
1247 3687 1324 3740 cum
1347 3649 1433 3736 duas
1460 3671 1581 3755 partes
1600 3664 1741 3753 habeat,

321 3803 461 3891 plenem
480 3807 518 3873 et
537 3824 679 3877 vacuam
709 3802 766 3894 (cf.
786 3825 820 3874 v.
839 3805 939 3895 525),
967 3809 1004 3873 et
1024 3803 1198 3874 infinitum
1222 3803 1270 3874 sit
1286 3783 1413 3893 ipsum,
1436 3802 1506 3873 iam
1523 3820 1742 3890 nequaquam

319 3937 399 4044 ¹fieri
426 3915 566 4030 potest,
605 3947 645 4012 ut
672 3947 826 4029 utraque
860 3961 953 4029 pars·
981 3940 1080 4011 finita
1119 3939 1176 4009 sit.
1239 3936 1291 4010 At
1317 3939 1410 4028 quod
1435 3939 1647 4010 contrarium
1674 3942 1741 4026 est,

320 4078 504 4163 utramque
526 4075 701 4164 infinitum
731 4097 820 4168 esse,
847 4077 928 4148 inde
954 4098 1022 4147 non
1049 4076 1219 4164 sequitur.
1263 4073 1388 4146 Potest
1409 4075 1473 4148 hoc
1499 4075 1596 4168 fiori3
1620 4060 1742 4158 uerum

276 4229 280 4238 ⁴
321 4209 427 4279 etiam
447 4211 620 4283 alterutra
638 4187 757 4302 potest
771 4197 876 4316 'finita
893 4233 982 4320 esse,
996 4211 1181 4283 dummodo
1200 4203 1346 4282 alteram
1361 4193 1533 4283 infinitam
1548 4203 1740 4298 relinquas.

321 4344 467 4434 Triplici
491 4348 604 4437 igitur
629 4349 765 4421 ratione
794 4337 927 4421 summa
951 4348 1015 4418 illa
1038 4347 1229 4437 composita
1251 4369 1328 4420 esse
1353 4353 1503 4438 potestt.
1518 4354 1579 4420 aut
1603 4349 1753 4432 infinita
1800 4349 1801 4354 ’
