<?xml version="1.0" encoding="UTF-8"?>
<!DOCTYPE html PUBLIC "-//W3C//DTD XHTML 1.0 Transitional//EN"
    "http://www.w3.org/TR/xhtml1/DTD/xhtml1-transitional.dtd">
<html xmlns="http://www.w3.org/1999/xhtml" xml:lang="en" lang="en">
 <head>
  <title>
</title>
<meta http-equiv="Content-Type" content="text/html;charset=utf-8" />
  <meta name='ocr-system' content='tesseract 3.04.00' />
  <meta name='ocr-capabilities' content='ocr_page ocr_carea ocr_par ocr_line ocrx_word'/>
</head>
<body>
  <div class='ocr_page' id='page_1' title='image "./observationeslu00hoergoog_0013.png"; bbox 0 0 4002 5238; ppageno 0'>
   <div class='ocr_carea' id='block_1_1' title="bbox 289 292 306 344">
    <p class='ocr_par' dir='ltr' id='par_1_1' title="bbox 289 292 306 344">
     <span class='ocr_line' id='line_1_1' title="bbox 289 292 306 344; baseline 0 0"><span class='ocrx_word' id='word_1_1' title='bbox 289 292 306 344; x_wconf 90' lang='grc'><strong>6</strong></span> 
     </span>
    </p>
   </div>
   <div class='ocr_carea' id='block_1_2' title="bbox 252 468 1721 1946">
    <p class='ocr_par' dir='ltr' id='par_1_2' title="bbox 287 468 1721 952">
     <span class='ocr_line' id='line_1_2' title="bbox 288 468 1721 565; baseline 0.006 -27"><span class='ocrx_word' id='word_1_2' title='bbox 288 468 420 558; x_wconf 85' lang='lat' dir='ltr'>ubique</span> <span class='ocrx_word' id='word_1_3' title='bbox 443 469 480 539; x_wconf 91' lang='lat' dir='ltr'><strong>in</strong></span> <span class='ocrx_word' id='word_1_4' title='bbox 504 489 624 559; x_wconf 83' lang='lat' dir='ltr'><em>parem</em></span> <span class='ocrx_word' id='word_1_5' title='bbox 645 469 713 540; x_wconf 86' lang='lat' dir='ltr'><strong>sibi</strong></span> <span class='ocrx_word' id='word_1_6' title='bbox 732 470 985 562; x_wconf 57' lang='lat' dir='ltr'>magnitudino</span> <span class='ocrx_word' id='word_1_7' title='bbox 1010 472 1070 560; x_wconf 91' lang='lat' dir='ltr'><strong>qui</strong></span> <span class='ocrx_word' id='word_1_8' title='bbox 1088 490 1219 544; x_wconf 81' lang='lat' dir='ltr'><strong>vacuus</strong></span> <span class='ocrx_word' id='word_1_9' title='bbox 1240 471 1298 562; x_wconf 75' lang='lat' dir='ltr'><strong>sit,</strong></span> <span class='ocrx_word' id='word_1_10' title='bbox 1324 470 1438 544; x_wconf 85' lang='lat' dir='ltr'>locum</span> <span class='ocrx_word' id='word_1_11' title='bbox 1459 473 1581 565; x_wconf 79' lang='lat' dir='ltr'><strong>intret,</strong></span> <span class='ocrx_word' id='word_1_12' title='bbox 1601 495 1721 564; x_wconf 82' lang='lat' dir='ltr'><em>parom</em></span> 
     </span>
     <span class='ocr_line' id='line_1_3' title="bbox 287 603 1717 698; baseline 0.006 -24"><span class='ocrx_word' id='word_1_13' title='bbox 287 603 486 695; x_wconf 81' lang='lat' dir='ltr'>relinquat3</span> <span class='ocrx_word' id='word_1_14' title='bbox 520 625 627 693; x_wconf 80' lang='lat' dir='ltr'><em>quare</em></span> <span class='ocrx_word' id='word_1_15' title='bbox 664 606 758 694; x_wconf 89' lang='lat' dir='ltr'><strong>quod</strong></span> <span class='ocrx_word' id='word_1_16' title='bbox 788 624 935 696; x_wconf 86' lang='lat' dir='ltr'><em>corpora</em></span> <span class='ocrx_word' id='word_1_17' title='bbox 965 605 1077 680; x_wconf 82' lang='lat' dir='ltr'><strong>facere</strong></span> <span class='ocrx_word' id='word_1_18' title='bbox 1109 614 1306 698; x_wconf 79' lang='lat' dir='ltr'>nequeunt,</span> <span class='ocrx_word' id='word_1_19' title='bbox 1338 616 1377 680; x_wconf 88' lang='lat' dir='ltr'><strong>ut</strong></span> <span class='ocrx_word' id='word_1_20' title='bbox 1407 608 1520 681; x_wconf 84' lang='lat' dir='ltr'><em>locum</em></span> <span class='ocrx_word' id='word_1_21' title='bbox 1556 610 1652 682; x_wconf 81' lang='lat' dir='ltr'>inter</span> <span class='ocrx_word' id='word_1_22' title='bbox 1679 633 1717 682; x_wconf 90' lang='lat' dir='ltr'><strong>so</strong></span> 
     </span>
     <span class='ocr_line' id='line_1_4' title="bbox 287 740 1717 835; baseline 0.006 -26"><span class='ocrx_word' id='word_1_23' title='bbox 287 743 437 832; x_wconf 76' lang='lat' dir='ltr'>mutent,</span> <span class='ocrx_word' id='word_1_24' title='bbox 462 740 498 812; x_wconf 91' lang='lat' dir='ltr'><strong>id</strong></span> <span class='ocrx_word' id='word_1_25' title='bbox 526 759 652 830; x_wconf 85' lang='lat' dir='ltr'><em>eorpus</em></span> <span class='ocrx_word' id='word_1_26' title='bbox 680 748 716 812; x_wconf 85' lang='lat' dir='ltr'><strong>et</strong></span> <span class='ocrx_word' id='word_1_27' title='bbox 742 742 846 813; x_wconf 80' lang='lat' dir='ltr'>inane</span> <span class='ocrx_word' id='word_1_28' title='bbox 873 740 988 816; x_wconf 84' lang='lat' dir='ltr'><em>facero</em></span> <span class='ocrx_word' id='word_1_29' title='bbox 1014 765 1190 832; x_wconf 87' lang='lat' dir='ltr'><strong>nunquam</strong></span> <span class='ocrx_word' id='word_1_30' title='bbox 1218 742 1402 835; x_wconf 78' lang='lat' dir='ltr'>desinunt,</span> <span class='ocrx_word' id='word_1_31' title='bbox 1430 763 1507 817; x_wconf 87' lang='lat' dir='ltr'><strong>oum</strong></span> <span class='ocrx_word' id='word_1_32' title='bbox 1537 747 1653 818; x_wconf 86' lang='lat' dir='ltr'><em>omnio</em></span> <span class='ocrx_word' id='word_1_33' title='bbox 1678 747 1717 819; x_wconf 89' lang='lat' dir='ltr'><strong>in</strong></span> 
     </span>
     <span class='ocr_line' id='line_1_5' title="bbox 287 875 1309 952; baseline 0.005 -6"><span class='ocrx_word' id='word_1_34' title='bbox 287 876 428 947; x_wconf 82' lang='lat' dir='ltr'><strong>assiduo</strong></span> <span class='ocrx_word' id='word_1_35' title='bbox 453 882 548 951; x_wconf 88' lang='lat' dir='ltr'><em>motu</em></span> <span class='ocrx_word' id='word_1_36' title='bbox 573 898 650 948; x_wconf 84' lang='lat' dir='ltr'><strong>osse</strong></span> <span class='ocrx_word' id='word_1_37' title='bbox 679 898 697 948; x_wconf 93' lang='grc'><strong>6</strong></span> <span class='ocrx_word' id='word_1_38' title='bbox 722 875 880 949; x_wconf 84' lang='lat' dir='ltr'><strong>Lucretii</strong></span> <span class='ocrx_word' id='word_1_39' title='bbox 907 879 1065 950; x_wconf 80' lang='lat' dir='ltr'><strong>doctrina</strong></span> <span class='ocrx_word' id='word_1_40' title='bbox 1092 886 1225 952; x_wconf 82' lang='lat' dir='ltr'><em>certum</em></span> <span class='ocrx_word' id='word_1_41' title='bbox 1250 880 1309 951; x_wconf 85' lang='lat' dir='ltr'><strong>sit.</strong></span> 
     </span>
    </p>

    <p class='ocr_par' dir='ltr' id='par_1_3' title="bbox 286 1009 1716 1380">
     <span class='ocr_line' id='line_1_6' title="bbox 413 1009 1716 1118; baseline 0.005 -36"><span class='ocrx_word' id='word_1_42' title='bbox 413 1009 597 1083; x_wconf 83' lang='lat' dir='ltr'><em>Postremo</em></span> <span class='ocrx_word' id='word_1_43' title='bbox 646 1011 689 1082; x_wconf 86' lang='lat' dir='ltr'><strong>do</strong></span> <span class='ocrx_word' id='word_1_44' title='bbox 734 1012 822 1085; x_wconf 83' lang='lat' dir='ltr'>locis</span> <span class='ocrx_word' id='word_1_45' title='bbox 871 1014 1078 1118; x_wconf 68' lang='lat' dir='ltr'>quibusdam</span> <span class='ocrx_word' id='word_1_46' title='bbox 1117 1035 1227 1104; x_wconf 88' lang='lat' dir='ltr'>prope</span> <span class='ocrx_word' id='word_1_47' title='bbox 1267 1015 1383 1087; x_wconf 80' lang='lat' dir='ltr'>vacuis</span> <span class='ocrx_word' id='word_1_48' title='bbox 1423 1015 1460 1087; x_wconf 91' lang='lat' dir='ltr'><strong>in</strong></span> <span class='ocrx_word' id='word_1_49' title='bbox 1494 1017 1519 1086; x_wconf 95' lang='grc'><strong>1.</strong></span> <span class='ocrx_word' id='word_1_50' title='bbox 1555 1014 1618 1088; x_wconf 90' lang='lat' dir='ltr'><strong>VI.</strong></span> <span class='ocrx_word' id='word_1_51' title='bbox 1660 1039 1716 1088; x_wconf 86' lang='lat' dir='ltr'><strong>vv.</strong></span> 
     </span>
     <span class='ocr_line' id='line_1_7' title="bbox 289 1148 1715 1240; baseline 0.005 -23"><span class='ocrx_word' id='word_1_52' title='bbox 289 1148 489 1218; x_wconf 86' lang='grc'>830-839</span> <span class='ocrx_word' id='word_1_53' title='bbox 516 1149 831 1220; x_wconf 81' lang='grc'><strong>611000-1039</strong></span> <span class='ocrx_word' id='word_1_54' title='bbox 860 1151 1062 1240; x_wconf 84' lang='lat' dir='ltr'><strong>disputavit.</strong></span> <span class='ocrx_word' id='word_1_55' title='bbox 1116 1148 1274 1221; x_wconf 87' lang='lat' dir='ltr'>Primum</span> <span class='ocrx_word' id='word_1_56' title='bbox 1302 1151 1395 1222; x_wconf 88' lang='lat' dir='ltr'>enim</span> <span class='ocrx_word' id='word_1_57' title='bbox 1421 1151 1520 1227; x_wconf 84' lang='lat' dir='ltr'>locus</span> <span class='ocrx_word' id='word_1_58' title='bbox 1547 1151 1715 1225; x_wconf 80' lang='lat' dir='ltr'><strong>Avernus</strong></span> 
     </span>
     <span class='ocr_line' id='line_1_8' title="bbox 286 1284 1715 1380; baseline 0.005 -27"><span class='ocrx_word' id='word_1_59' title='bbox 286 1290 414 1375; x_wconf 80' lang='lat' dir='ltr'><strong>a&#39;e&#39;rom,</strong></span> <span class='ocrx_word' id='word_1_60' title='bbox 442 1284 501 1372; x_wconf 89' lang='lat' dir='ltr'><strong>qui</strong></span> <span class='ocrx_word' id='word_1_61' title='bbox 525 1285 619 1355; x_wconf 83' lang='lat' dir='ltr'><strong>inter</strong></span> <span class='ocrx_word' id='word_1_62' title='bbox 645 1305 726 1356; x_wconf 83' lang='lat' dir='ltr'><strong>oves</strong></span> <span class='ocrx_word' id='word_1_63' title='bbox 756 1291 793 1356; x_wconf 81' lang='lat' dir='ltr'><strong>et</strong></span> <span class='ocrx_word' id='word_1_64' title='bbox 818 1292 950 1357; x_wconf 84' lang='lat' dir='ltr'><em>terram</em></span> <span class='ocrx_word' id='word_1_65' title='bbox 976 1293 1042 1378; x_wconf 75' lang='lat' dir='ltr'><strong>est,</strong></span> <span class='ocrx_word' id='word_1_66' title='bbox 1070 1293 1170 1358; x_wconf 83' lang='lat' dir='ltr'>aestu</span> <span class='ocrx_word' id='word_1_67' title='bbox 1197 1287 1346 1375; x_wconf 87' lang='lat' dir='ltr'><em>quodam</em></span> <span class='ocrx_word' id='word_1_68' title='bbox 1374 1288 1548 1360; x_wconf 80' lang='lat' dir='ltr'>discutere</span> <span class='ocrx_word' id='word_1_69' title='bbox 1577 1289 1715 1380; x_wconf 84' lang='lat' dir='ltr'><strong>dicitur,</strong></span> 
     </span>
    </p>

    <p class='ocr_par' dir='ltr' id='par_1_4' title="bbox 252 1397 1716 1787">
     <span class='ocr_line' id='line_1_9' title="bbox 252 1397 1715 1515; baseline 0.005 -27"><span class='ocrx_word' id='word_1_70' title='bbox 252 1507 255 1514; x_wconf 27' lang='grc' dir='ltr'>Ι</span> <span class='ocrx_word' id='word_1_71' title='bbox 281 1444 385 1511; x_wconf 83' lang='lat' dir='ltr'><em>prope</em></span> <span class='ocrx_word' id='word_1_72' title='bbox 415 1421 464 1487; x_wconf 81' lang='lat' dir='ltr'><strong>ori</strong></span> <span class='ocrx_word' id='word_1_73' title='bbox 494 1421 583 1488; x_wconf 80' lang='lat' dir='ltr'><em>locor</em></span> <span class='ocrx_word' id='word_1_74' title='bbox 617 1421 667 1489; x_wconf 80' lang='lat' dir='ltr'><strong>hio</strong></span> <span class='ocrx_word' id='word_1_75' title='bbox 699 1423 865 1513; x_wconf 78' lang='lat' dir='ltr'><em>linquatur</em></span> <span class='ocrx_word' id='word_1_76' title='bbox 897 1397 1003 1490; x_wconf 68' lang='lat' dir='ltr'><em>inopis</em></span> <span class='ocrx_word' id='word_1_77' title='bbox 1039 1423 1084 1510; x_wconf 82' lang='lat' dir='ltr'><strong>(r.</strong></span> <span class='ocrx_word' id='word_1_78' title='bbox 1114 1422 1215 1514; x_wconf 82' lang='lat'>832),</span> <span class='ocrx_word' id='word_1_79' title='bbox 1258 1445 1328 1512; x_wconf 83' lang='lat' dir='ltr'><strong>quo</strong></span> <span class='ocrx_word' id='word_1_80' title='bbox 1355 1445 1394 1494; x_wconf 85' lang='lat' dir='ltr'><strong>ro</strong></span> <span class='ocrx_word' id='word_1_81' title='bbox 1429 1445 1511 1495; x_wconf 84' lang='lat' dir='ltr'><strong>oves</strong></span> <span class='ocrx_word' id='word_1_82' title='bbox 1548 1425 1715 1515; x_wconf 84' lang='lat' dir='ltr'><strong>delapsae</strong></span> 
     </span>
     <span class='ocr_line' id='line_1_10' title="bbox 285 1543 1716 1654; baseline 0.006 -29"><span class='ocrx_word' id='word_1_83' title='bbox 285 1581 419 1625; x_wconf 82' lang='lat' dir='ltr'><em>ooooum</em></span> <span class='ocrx_word' id='word_1_84' title='bbox 447 1580 549 1646; x_wconf 82' lang='lat' dir='ltr'><em>prope</em></span> <span class='ocrx_word' id='word_1_85' title='bbox 577 1543 642 1624; x_wconf 75' lang='grc'><strong>1666</strong></span> <span class='ocrx_word' id='word_1_86' title='bbox 665 1581 724 1648; x_wconf 83' lang='lat' dir='ltr'><strong>per</strong></span> <span class='ocrx_word' id='word_1_87' title='bbox 752 1561 846 1626; x_wconf 80' lang='lat' dir='ltr'><em>inore</em></span> <span class='ocrx_word' id='word_1_88' title='bbox 872 1560 1002 1627; x_wconf 81' lang='lat' dir='ltr'><strong>iacentes</strong></span> <span class='ocrx_word' id='word_1_89' title='bbox 1031 1560 1078 1650; x_wconf 90' lang='lat' dir='ltr'><strong>(v.</strong></span> <span class='ocrx_word' id='word_1_90' title='bbox 1106 1555 1196 1654; x_wconf 79' lang='lat'>838)</span> <span class='ocrx_word' id='word_1_91' title='bbox 1226 1561 1299 1631; x_wconf 83' lang='lat' dir='ltr'>vita</span> <span class='ocrx_word' id='word_1_92' title='bbox 1324 1561 1520 1650; x_wconf 76' lang='lat' dir='ltr'><strong>priventur.</strong></span> <span class='ocrx_word' id='word_1_93' title='bbox 1587 1559 1716 1634; x_wconf 84' lang='lat' dir='ltr'><strong>Altero</strong></span> 
     </span>
     <span class='ocr_line' id='line_1_11' title="bbox 286 1690 1714 1787; baseline 0.004 -25"><span class='ocrx_word' id='word_1_94' title='bbox 286 1693 363 1765; x_wconf 88' lang='lat' dir='ltr'><strong>loco</strong></span> <span class='ocrx_word' id='word_1_95' title='bbox 389 1692 432 1762; x_wconf 86' lang='lat' dir='ltr'><strong>do</strong></span> <span class='ocrx_word' id='word_1_96' title='bbox 456 1692 574 1782; x_wconf 84' lang='lat' dir='ltr'><strong>lapido</strong></span> <span class='ocrx_word' id='word_1_97' title='bbox 601 1690 786 1780; x_wconf 84' lang='lat' dir='ltr'><strong>Magnosio</strong></span> <span class='ocrx_word' id='word_1_98' title='bbox 814 1695 950 1786; x_wconf 75' lang='lat' dir='ltr'><strong>agitur,</strong></span> <span class='ocrx_word' id='word_1_99' title='bbox 977 1696 1038 1784; x_wconf 91' lang='lat' dir='ltr'><strong>qui</strong></span> <span class='ocrx_word' id='word_1_100' title='bbox 1065 1696 1187 1766; x_wconf 87' lang='lat' dir='ltr'>eadem</span> <span class='ocrx_word' id='word_1_101' title='bbox 1215 1697 1352 1770; x_wconf 82' lang='lat' dir='ltr'><strong>rationo</strong></span> <span class='ocrx_word' id='word_1_102' title='bbox 1377 1704 1494 1768; x_wconf 67' lang='lat' dir='ltr'><em>aorem</em></span> <span class='ocrx_word' id='word_1_103' title='bbox 1520 1697 1714 1787; x_wconf 84' lang='lat' dir='ltr'><strong>propellat:</strong></span> 
     </span>
    </p>

    <p class='ocr_par' dir='ltr' id='par_1_5' title="bbox 460 1856 1260 1946">
     <span class='ocr_line' id='line_1_12' title="bbox 460 1856 1260 1946; baseline 0.008 -26"><span class='ocrx_word' id='word_1_104' title='bbox 460 1856 531 1923; x_wconf 85' lang='lat' dir='ltr'><strong>Hoo</strong></span> <span class='ocrx_word' id='word_1_105' title='bbox 552 1858 606 1922; x_wconf 84' lang='grc'><strong>611</strong></span> <span class='ocrx_word' id='word_1_106' title='bbox 627 1860 935 1940; x_wconf 74' lang='grc'><strong>1666116666611666</strong></span> <span class='ocrx_word' id='word_1_107' title='bbox 956 1861 1260 1946; x_wconf 56' lang='grc'><strong>6661166666666661</strong></span> 
     </span>
    </p>
   </div>
   <div class='ocr_carea' id='block_1_3' title="bbox 436 1978 1263 2185">
    <p class='ocr_par' dir='ltr' id='par_1_6' title="bbox 436 1978 1263 2185">
     <span class='ocr_line' id='line_1_13' title="bbox 436 1978 1218 2064; baseline 0.005 -24"><span class='ocrx_word' id='word_1_108' title='bbox 436 1999 437 2002; x_wconf 44' lang='lat'>¹</span> <span class='ocrx_word' id='word_1_109' title='bbox 462 1978 506 2042; x_wconf 92' lang='grc' dir='ltr'><strong>Ἰ6</strong></span> <span class='ocrx_word' id='word_1_110' title='bbox 528 1979 628 2043; x_wconf 73' lang='lat' dir='ltr'><em>medio</em></span> <span class='ocrx_word' id='word_1_111' title='bbox 652 1979 744 2057; x_wconf 81' lang='grc'><strong>16666,</strong></span> <span class='ocrx_word' id='word_1_112' title='bbox 768 1980 917 2061; x_wconf 75' lang='lat' dir='ltr'><em>extemplo</em></span> <span class='ocrx_word' id='word_1_113' title='bbox 931 1981 1114 2062; x_wconf 72' lang='lat' dir='ltr'><em>primordio</em></span> <span class='ocrx_word' id='word_1_114' title='bbox 1128 1981 1218 2064; x_wconf 74' lang='lat' dir='ltr'><em>ferri</em></span> 
     </span>
     <span class='ocr_line' id='line_1_14' title="bbox 460 2097 1263 2185; baseline 0.007 -25"><span class='ocrx_word' id='word_1_115' title='bbox 460 2097 504 2162; x_wconf 83' lang='grc'><strong>16</strong></span> <span class='ocrx_word' id='word_1_116' title='bbox 526 2117 659 2162; x_wconf 81' lang='grc'><strong>6666666</strong></span> <span class='ocrx_word' id='word_1_117' title='bbox 679 2098 971 2179; x_wconf 74' lang='grc'><strong>666166666661661</strong></span> <span class='ocrx_word' id='word_1_118' title='bbox 995 2101 1059 2179; x_wconf 81' lang='lat' dir='ltr'>(vv.</span> <span class='ocrx_word' id='word_1_119' title='bbox 1085 2102 1167 2168; x_wconf 89' lang='grc'>1003</span> <span class='ocrx_word' id='word_1_120' title='bbox 1189 2100 1263 2185; x_wconf 65' lang='lat' dir='ltr'><strong>sq).</strong></span> 
     </span>
    </p>
   </div>
   <div class='ocr_carea' id='block_1_4' title="bbox 286 2269 1715 2502">
    <p class='ocr_par' dir='ltr' id='par_1_7' title="bbox 286 2269 1715 2502">
     <span class='ocr_line' id='line_1_15' title="bbox 286 2269 1713 2370; baseline 0.004 -30"><span class='ocrx_word' id='word_1_121' title='bbox 286 2269 399 2341; x_wconf 87' lang='lat' dir='ltr'><em>Porro</em></span> <span class='ocrx_word' id='word_1_122' title='bbox 433 2287 580 2361; x_wconf 81' lang='lat' dir='ltr'><em>corpora</em></span> <span class='ocrx_word' id='word_1_123' title='bbox 607 2280 789 2360; x_wconf 86' lang='lat' dir='ltr'>nequount</span> <span class='ocrx_word' id='word_1_124' title='bbox 815 2273 1012 2340; x_wconf 78' lang='grc'><strong>16666666</strong></span> <span class='ocrx_word' id='word_1_125' title='bbox 1037 2272 1122 2361; x_wconf 78' lang='lat' dir='ltr'><em>ferri</em></span> <span class='ocrx_word' id='word_1_126' title='bbox 1145 2270 1191 2370; x_wconf 86' lang='lat' dir='ltr'><strong>(v.</strong></span> <span class='ocrx_word' id='word_1_127' title='bbox 1212 2276 1344 2367; x_wconf 71' lang='lat'>1012),</span> <span class='ocrx_word' id='word_1_128' title='bbox 1369 2276 1452 2364; x_wconf 90' lang='lat' dir='ltr'>quin</span> <span class='ocrx_word' id='word_1_129' title='bbox 1482 2276 1610 2347; x_wconf 86' lang='lat' dir='ltr'>anulus</span> <span class='ocrx_word' id='word_1_130' title='bbox 1635 2277 1713 2366; x_wconf 82' lang='lat' dir='ltr'><strong>ipse</strong></span> 
     </span>
     <span class='ocr_line' id='line_1_16' title="bbox 287 2408 1715 2502; baseline 0 -23"><span class='ocrx_word' id='word_1_131' title='bbox 287 2413 456 2497; x_wconf 80' lang='lat' dir='ltr'><strong>sequatur</strong></span> <span class='ocrx_word' id='word_1_132' title='bbox 479 2414 515 2478; x_wconf 85' lang='lat' dir='ltr'><strong>et</strong></span> <span class='ocrx_word' id='word_1_133' title='bbox 541 2409 576 2478; x_wconf 89' lang='lat' dir='ltr'><strong>in</strong></span> <span class='ocrx_word' id='word_1_134' title='bbox 605 2408 910 2500; x_wconf 59' lang='grc'><strong>166161611666661·7</strong></span> <span class='ocrx_word' id='word_1_135' title='bbox 937 2410 1029 2479; x_wconf 84' lang='lat' dir='ltr'>idem</span> <span class='ocrx_word' id='word_1_136' title='bbox 1057 2410 1092 2480; x_wconf 90' lang='lat' dir='ltr'><strong>in</strong></span> <span class='ocrx_word' id='word_1_137' title='bbox 1116 2431 1236 2482; x_wconf 88' lang='lat' dir='ltr'><em>omnes</em></span> <span class='ocrx_word' id='word_1_138' title='bbox 1263 2412 1484 2501; x_wconf 72' lang='grc'><strong>6616611661</strong></span> <span class='ocrx_word' id='word_1_139' title='bbox 1511 2412 1612 2502; x_wconf 79' lang='lat' dir='ltr'><strong>solet,</strong></span> <span class='ocrx_word' id='word_1_140' title='bbox 1631 2415 1715 2480; x_wconf 79' lang='lat' dir='ltr'><em>uode</em></span> 
     </span>
    </p>
   </div>
   <div class='ocr_carea' id='block_1_5' title="bbox 286 2539 1716 2640">
    <p class='ocr_par' dir='ltr' id='par_1_8' title="bbox 286 2539 1716 2640">
     <span class='ocr_line' id='line_1_17' title="bbox 286 2539 1716 2640; baseline 0.004 -30"><span class='ocrx_word' id='word_1_141' title='bbox 286 2548 396 2637; x_wconf 73' lang='lat' dir='ltr'><em>oooefit</em></span> <span class='ocrx_word' id='word_1_142' title='bbox 423 2567 551 2635; x_wconf 81' lang='lat' dir='ltr'><em>rumque</em></span> <span class='ocrx_word' id='word_1_143' title='bbox 578 2545 662 2612; x_wconf 82' lang='lat' dir='ltr'><em>locus</em></span> <span class='ocrx_word' id='word_1_144' title='bbox 681 2539 727 2639; x_wconf 86' lang='lat' dir='ltr'><strong>(v.</strong></span> <span class='ocrx_word' id='word_1_145' title='bbox 749 2541 884 2640; x_wconf 69' lang='lat'>1015)3</span> <span class='ocrx_word' id='word_1_146' title='bbox 908 2546 1049 2634; x_wconf 80' lang='lat' dir='ltr'><em>Corpora</em></span> <span class='ocrx_word' id='word_1_147' title='bbox 1072 2547 1716 2638; x_wconf 65' lang='grc'><strong>66611666166666666161661666666</strong></span> 
     </span>
    </p>
   </div>
   <div class='ocr_carea' id='block_1_6' title="bbox 286 2679 648 2774">
    <p class='ocr_par' dir='ltr' id='par_1_9' title="bbox 286 2679 648 2774">
     <span class='ocr_line' id='line_1_18' title="bbox 286 2679 648 2774; baseline -0.003 -25"><span class='ocrx_word' id='word_1_148' title='bbox 286 2686 333 2774; x_wconf 70' lang='lat' dir='ltr'><strong>(v.</strong></span> <span class='ocrx_word' id='word_1_149' title='bbox 362 2679 487 2769; x_wconf 77' lang='lat'>1017).</span> <span class='ocrx_word' id='word_1_150' title='bbox 542 2679 648 2750; x_wconf 82' lang='lat' dir='ltr'><strong>Tum:</strong></span> 
     </span>
    </p>
   </div>
   <div class='ocr_carea' id='block_1_7' title="bbox 459 2827 1553 3032">
    <p class='ocr_par' dir='ltr' id='par_1_10' title="bbox 459 2827 1553 3032">
     <span class='ocr_line' id='line_1_19' title="bbox 551 2827 1201 2911; baseline 0.002 -19"><span class='ocrx_word' id='word_1_151' title='bbox 551 2829 649 2892; x_wconf 82' lang='grc'><strong>616661</strong></span> <span class='ocrx_word' id='word_1_152' title='bbox 669 2851 690 2892; x_wconf 91' lang='grc'><strong>6</strong></span> <span class='ocrx_word' id='word_1_153' title='bbox 704 2827 813 2911; x_wconf 78' lang='lat' dir='ltr'><em>fronto</em></span> <span class='ocrx_word' id='word_1_154' title='bbox 833 2834 880 2892; x_wconf 81' lang='lat' dir='ltr'><strong>est</strong></span> <span class='ocrx_word' id='word_1_155' title='bbox 901 2830 998 2894; x_wconf 87' lang='grc'><strong>666111</strong></span> <span class='ocrx_word' id='word_1_156' title='bbox 1018 2831 1125 2894; x_wconf 81' lang='lat' dir='ltr'><em>rarior</em></span> <span class='ocrx_word' id='word_1_157' title='bbox 1146 2833 1201 2894; x_wconf 76' lang='grc'><strong>616</strong></span> 
     </span>
     <span class='ocr_line' id='line_1_20' title="bbox 459 2945 1553 3032; baseline 0.005 -23"><span class='ocrx_word' id='word_1_158' title='bbox 459 2945 581 3010; x_wconf 65' lang='grc'><strong>1166166</strong></span> <span class='ocrx_word' id='word_1_159' title='bbox 602 2948 805 3028; x_wconf 72' lang='lat' dir='ltr'><em>monitusque</em></span> <span class='ocrx_word' id='word_1_160' title='bbox 827 2947 1035 3030; x_wconf 75' lang='grc'><strong>1666666916</strong></span> <span class='ocrx_word' id='word_1_161' title='bbox 1057 2969 1094 3012; x_wconf 85' lang='lat' dir='ltr'><strong>or</strong></span> <span class='ocrx_word' id='word_1_162' title='bbox 1114 2953 1274 3028; x_wconf 80' lang='grc'><strong>66666166,</strong></span> <span class='ocrx_word' id='word_1_163' title='bbox 1300 2949 1364 3028; x_wconf 85' lang='lat' dir='ltr'><strong>(vv.</strong></span> <span class='ocrx_word' id='word_1_164' title='bbox 1386 2951 1468 3016; x_wconf 75' lang='lat'>1022</span> <span class='ocrx_word' id='word_1_165' title='bbox 1491 2953 1553 3032; x_wconf 82' lang='lat' dir='ltr'><strong>sp.)</strong></span> 
     </span>
    </p>
   </div>
   <div class='ocr_carea' id='block_1_8' title="bbox 286 3105 1539 3197">
    <p class='ocr_par' dir='ltr' id='par_1_11' title="bbox 286 3105 1539 3197">
     <span class='ocr_line' id='line_1_21' title="bbox 286 3105 1539 3197; baseline 0.002 -23"><span class='ocrx_word' id='word_1_166' title='bbox 286 3105 364 3176; x_wconf 88' lang='lat' dir='ltr'><strong>fiori</strong></span> <span class='ocrx_word' id='word_1_167' title='bbox 389 3107 523 3194; x_wconf 74' lang='lat' dir='ltr'>nequit,</span> <span class='ocrx_word' id='word_1_168' title='bbox 551 3106 635 3193; x_wconf 88' lang='lat' dir='ltr'>quin</span> <span class='ocrx_word' id='word_1_169' title='bbox 660 3127 702 3175; x_wconf 86' lang='lat' dir='ltr'><strong>ex</strong></span> <span class='ocrx_word' id='word_1_170' title='bbox 729 3106 842 3177; x_wconf 81' lang='lat' dir='ltr'><strong>altero</strong></span> <span class='ocrx_word' id='word_1_171' title='bbox 865 3112 965 3196; x_wconf 85' lang='lat' dir='ltr'><em>parte</em></span> <span class='ocrx_word' id='word_1_172' title='bbox 992 3115 1053 3178; x_wconf 76' lang='grc'><strong>661·</strong></span> <span class='ocrx_word' id='word_1_173' title='bbox 1078 3107 1257 3196; x_wconf 84' lang='lat' dir='ltr'><em>propellat</em></span> <span class='ocrx_word' id='word_1_174' title='bbox 1282 3112 1319 3177; x_wconf 85' lang='lat' dir='ltr'><strong>ot</strong></span> <span class='ocrx_word' id='word_1_175' title='bbox 1340 3106 1402 3176; x_wconf 89' lang='grc'><strong>1116</strong></span> <span class='ocrx_word' id='word_1_176' title='bbox 1427 3107 1539 3197; x_wconf 78' lang='lat' dir='ltr'>cedat,</span> 
     </span>
    </p>
   </div>
   <div class='ocr_carea' id='block_1_9' title="bbox 460 3269 1543 3353">
    <p class='ocr_par' dir='ltr' id='par_1_12' title="bbox 460 3269 1543 3353">
     <span class='ocr_line' id='line_1_22' title="bbox 460 3269 1543 3353; baseline 0.005 -21"><span class='ocrx_word' id='word_1_177' title='bbox 460 3269 556 3334; x_wconf 79' lang='lat' dir='ltr'><em>Porto</em></span> <span class='ocrx_word' id='word_1_178' title='bbox 578 3269 660 3351; x_wconf 78' lang='lat' dir='ltr'><em>quod</em></span> <span class='ocrx_word' id='word_1_179' title='bbox 680 3292 717 3334; x_wconf 87' lang='grc'><strong>66</strong></span> <span class='ocrx_word' id='word_1_180' title='bbox 737 3291 804 3336; x_wconf 90' lang='grc'><strong>666</strong></span> <span class='ocrx_word' id='word_1_181' title='bbox 824 3274 965 3352; x_wconf 76' lang='grc'><strong>66611666</strong></span> <span class='ocrx_word' id='word_1_182' title='bbox 985 3279 1077 3338; x_wconf 79' lang='lat' dir='ltr'><em>vorot</em></span> <span class='ocrx_word' id='word_1_183' title='bbox 1098 3278 1127 3336; x_wconf 85' lang='grc'><strong>61</strong></span> <span class='ocrx_word' id='word_1_184' title='bbox 1148 3271 1344 3353; x_wconf 67' lang='grc'><strong>6616111666</strong></span> <span class='ocrx_word' id='word_1_185' title='bbox 1370 3273 1412 3352; x_wconf 89' lang='lat' dir='ltr'><strong>(v.</strong></span> <span class='ocrx_word' id='word_1_186' title='bbox 1439 3274 1543 3353; x_wconf 76' lang='lat'>1028).</span> 
     </span>
    </p>
   </div>
   <div class='ocr_carea' id='block_1_10' title="bbox 286 3428 1069 3522">
    <p class='ocr_par' dir='ltr' id='par_1_13' title="bbox 286 3428 1069 3522">
     <span class='ocr_line' id='line_1_23' title="bbox 286 3428 1069 3522; baseline 0.003 -23"><span class='ocrx_word' id='word_1_187' title='bbox 286 3428 449 3518; x_wconf 83' lang='lat' dir='ltr'>Denique</span> <span class='ocrx_word' id='word_1_188' title='bbox 474 3436 545 3522; x_wconf 75' lang='lat' dir='ltr'><em>oo‘r,</em></span> <span class='ocrx_word' id='word_1_189' title='bbox 575 3432 634 3518; x_wconf 90' lang='lat' dir='ltr'><strong>qui</strong></span> <span class='ocrx_word' id='word_1_190' title='bbox 656 3431 693 3501; x_wconf 91' lang='lat' dir='ltr'><strong>in</strong></span> <span class='ocrx_word' id='word_1_191' title='bbox 719 3429 814 3503; x_wconf 83' lang='lat' dir='ltr'><em>ferro</em></span> <span class='ocrx_word' id='word_1_192' title='bbox 841 3431 981 3502; x_wconf 84' lang='lat' dir='ltr'>abditus</span> <span class='ocrx_word' id='word_1_193' title='bbox 1003 3436 1069 3519; x_wconf 70' lang='lat' dir='ltr'><strong>ost,</strong></span> 
     </span>
    </p>
   </div>
   <div class='ocr_carea' id='block_1_11' title="bbox 285 3561 1709 4369">
    <p class='ocr_par' dir='ltr' id='par_1_14' title="bbox 285 3561 1709 4369">
     <span class='ocr_line' id='line_1_24' title="bbox 552 3561 1186 3678; baseline 0.003 -20"><span class='ocrx_word' id='word_1_194' title='bbox 552 3595 606 3659; x_wconf 84' lang='grc'><strong>1116</strong></span> <span class='ocrx_word' id='word_1_195' title='bbox 628 3561 732 3659; x_wconf 78' lang='grc'><strong>6611666</strong></span> <span class='ocrx_word' id='word_1_196' title='bbox 746 3593 864 3677; x_wconf 79' lang='lat' dir='ltr'><em>fertur,</em></span> <span class='ocrx_word' id='word_1_197' title='bbox 886 3615 945 3675; x_wconf 79' lang='lat' dir='ltr'><em>prro</em></span> <span class='ocrx_word' id='word_1_198' title='bbox 959 3597 1186 3678; x_wconf 69' lang='lat' dir='ltr'><em>praecipitarit</em></span> 
     </span>
     <span class='ocr_line' id='line_1_25' title="bbox 458 3712 1402 3797; baseline 0.001 -20"><span class='ocrx_word' id='word_1_199' title='bbox 458 3712 531 3778; x_wconf 81' lang='lat' dir='ltr'><em>Ioro</em></span> <span class='ocrx_word' id='word_1_200' title='bbox 552 3714 648 3778; x_wconf 82' lang='lat' dir='ltr'><em>semel</em></span> <span class='ocrx_word' id='word_1_201' title='bbox 667 3719 697 3777; x_wconf 87' lang='grc'><strong>61</strong></span> <span class='ocrx_word' id='word_1_202' title='bbox 711 3720 839 3795; x_wconf 73' lang='grc'><strong>6661666</strong></span> <span class='ocrx_word' id='word_1_203' title='bbox 862 3719 897 3778; x_wconf 81' lang='grc'><strong>16</strong></span> <span class='ocrx_word' id='word_1_204' title='bbox 917 3735 1050 3779; x_wconf 82' lang='grc'><strong>6666666</strong></span> <span class='ocrx_word' id='word_1_205' title='bbox 1071 3716 1237 3779; x_wconf 27' lang='grc'><strong>6666666166</strong></span> <span class='ocrx_word' id='word_1_206' title='bbox 1257 3717 1402 3797; x_wconf 77' lang='lat' dir='ltr'><strong>sumpsit.</strong></span> 
     </span>
     <span class='ocr_line' id='line_1_26' title="bbox 285 3867 1708 3962; baseline 0.003 -22"><span class='ocrx_word' id='word_1_207' title='bbox 285 3867 384 3941; x_wconf 83' lang='lat' dir='ltr'>Haec</span> <span class='ocrx_word' id='word_1_208' title='bbox 408 3869 483 3942; x_wconf 83' lang='lat' dir='ltr'><strong>foro</strong></span> <span class='ocrx_word' id='word_1_209' title='bbox 511 3876 605 3959; x_wconf 71' lang='lat' dir='ltr'><em>suot,</em></span> <span class='ocrx_word' id='word_1_210' title='bbox 632 3891 720 3959; x_wconf 84' lang='lat' dir='ltr'>quae</span> <span class='ocrx_word' id='word_1_211' title='bbox 748 3871 790 3941; x_wconf 85' lang='lat' dir='ltr'><strong>de</strong></span> <span class='ocrx_word' id='word_1_212' title='bbox 812 3871 911 3942; x_wconf 83' lang='lat' dir='ltr'>inani</span> <span class='ocrx_word' id='word_1_213' title='bbox 934 3893 1022 3962; x_wconf 88' lang='lat' dir='ltr'><em>poro</em></span> <span class='ocrx_word' id='word_1_214' title='bbox 1050 3874 1105 3943; x_wconf 84' lang='lat' dir='ltr'><strong>vel</strong></span> <span class='ocrx_word' id='word_1_215' title='bbox 1132 3873 1167 3944; x_wconf 91' lang='lat' dir='ltr'><strong>in</strong></span> <span class='ocrx_word' id='word_1_216' title='bbox 1195 3873 1301 3944; x_wconf 82' lang='lat' dir='ltr'><em>robus</em></span> <span class='ocrx_word' id='word_1_217' title='bbox 1320 3873 1480 3945; x_wconf 81' lang='lat' dir='ltr'><strong>omnibus</strong></span> <span class='ocrx_word' id='word_1_218' title='bbox 1499 3873 1632 3945; x_wconf 85' lang='lat' dir='ltr'>incluso</span> <span class='ocrx_word' id='word_1_219' title='bbox 1652 3875 1708 3944; x_wconf 88' lang='lat' dir='ltr'><strong>vol</strong></span> 
     </span>
     <span class='ocr_line' id='line_1_27' title="bbox 286 4001 1709 4100; baseline 0.003 -22"><span class='ocrx_word' id='word_1_220' title='bbox 286 4008 337 4078; x_wconf 87' lang='lat' dir='ltr'><strong>eis</strong></span> <span class='ocrx_word' id='word_1_221' title='bbox 362 4007 567 4094; x_wconf 74' lang='lat' dir='ltr'><em>circumfuso</em></span> <span class='ocrx_word' id='word_1_222' title='bbox 592 4005 781 4081; x_wconf 86' lang='lat' dir='ltr'>Lucretius</span> <span class='ocrx_word' id='word_1_223' title='bbox 809 4008 943 4100; x_wconf 77' lang='lat' dir='ltr'><strong>docuit3</strong></span> <span class='ocrx_word' id='word_1_224' title='bbox 968 4030 1056 4097; x_wconf 84' lang='lat' dir='ltr'><strong>quoe</strong></span> <span class='ocrx_word' id='word_1_225' title='bbox 1081 4001 1141 4096; x_wconf 81' lang='lat' dir='ltr'><strong>qoi</strong></span> <span class='ocrx_word' id='word_1_226' title='bbox 1159 4010 1298 4098; x_wconf 84' lang='lat' dir='ltr'>cognita</span> <span class='ocrx_word' id='word_1_227' title='bbox 1319 4009 1439 4100; x_wconf 78' lang='lat' dir='ltr'>habet,</span> <span class='ocrx_word' id='word_1_228' title='bbox 1465 4010 1496 4080; x_wconf 89' lang='lat' dir='ltr'><strong>is</strong></span> <span class='ocrx_word' id='word_1_229' title='bbox 1517 4015 1635 4084; x_wconf 78' lang='lat' dir='ltr'><strong>cetera</strong></span> <span class='ocrx_word' id='word_1_230' title='bbox 1652 4011 1709 4082; x_wconf 85' lang='lat' dir='ltr'><strong>hic</strong></span> 
     </span>
     <span class='ocr_line' id='line_1_28' title="bbox 285 4142 1704 4239; baseline 0.004 -27"><span class='ocrx_word' id='word_1_231' title='bbox 285 4143 358 4214; x_wconf 89' lang='lat' dir='ltr'>illic</span> <span class='ocrx_word' id='word_1_232' title='bbox 381 4142 517 4214; x_wconf 83' lang='lat' dir='ltr'>adiecto</span> <span class='ocrx_word' id='word_1_233' title='bbox 543 4143 785 4217; x_wconf 81' lang='lat' dir='ltr'><strong>ratiocinando</strong></span> <span class='ocrx_word' id='word_1_234' title='bbox 813 4144 928 4216; x_wconf 86' lang='lat' dir='ltr'><em>omnio</em></span> <span class='ocrx_word' id='word_1_235' title='bbox 955 4151 1179 4238; x_wconf 53' lang='lat' dir='ltr'><strong>assequetur³</strong></span> <span class='ocrx_word' id='word_1_236' title='bbox 1212 4147 1350 4218; x_wconf 84' lang='lat' dir='ltr'>etiamsi</span> <span class='ocrx_word' id='word_1_237' title='bbox 1381 4146 1472 4239; x_wconf 85' lang='lat' dir='ltr'><strong>apud</strong></span> <span class='ocrx_word' id='word_1_238' title='bbox 1499 4145 1704 4219; x_wconf 80' lang='lat' dir='ltr'><strong>Lucretium</strong></span> 
     </span>
     <span class='ocr_line' id='line_1_29' title="bbox 286 4279 516 4369; baseline 0.017 -20"><span class='ocrx_word' id='word_1_239' title='bbox 286 4300 356 4349; x_wconf 92' lang='lat' dir='ltr'><strong>non</strong></span> <span class='ocrx_word' id='word_1_240' title='bbox 378 4279 516 4369; x_wconf 83' lang='lat' dir='ltr'><strong>legerit.</strong></span> 
     </span>
    </p>
   </div>
   <div class='ocr_carea' id='block_1_12' title="bbox 0 0 2006 5238">
    <p class='ocr_par' dir='ltr' id='par_1_15' title="bbox 0 0 2006 5238">
     <span class='ocr_line' id='line_1_30' title="bbox 0 0 2006 5238; baseline 0 3"><span class='ocrx_word' id='word_1_241' title='bbox 0 0 2006 5238; x_wconf 95' lang='lat' dir='ltr'><strong> </strong></span> 
     </span>
    </p>
   </div>
  </div>
 </body>
</html>
