4002 5238
278 270 313 324 20

279 446 376 537 Quid
408 444 518 534 igitur
533 479 536 488 ·
551 440 708 513 futurum
733 460 819 510 esse
856 439 966 511 dixit?
1019 439 1119 530 Copia
1147 440 1300 510 onoterioi
1336 441 1478 533 Undique
1504 443 1704 532 ponderibus

277 582 391 650 solidis
426 581 586 670 confluunt
618 579 663 644 ud
693 578 801 645 imutn.
861 573 935 646 Iam
962 575 1055 664 quod
1087 577 1130 643 od
1155 577 1252 643 imum
1277 579 1463 667 confluxisse
1489 575 1637 668 dicitur,
1662 577 1705 650 id

278 716 353 788 sine
375 713 481 788 dubio
500 717 606 785 antea
624 731 732 801 supra
749 709 873 782 fuerat.
911 708 1176 800 Superaigitur
1195 710 1300 802 spatii
1322 710 1532 803 illinemus,
1557 718 1706 802 quanta-
1748 811 1755 828 ·
1860 773 1865 782 .

281 867 426 939 cumque
457 844 533 937 est,
567 853 677 918 antea
701 846 853 936 aliquam
889 847 1070 918 materiam
1095 846 1279 938 habuisse,
1318 853 1443 937 postea
1472 846 1707 922 vacuefacta

256 999 358 1058 ‘ease
392 984 569 1073 fingitur.-
617 980 723 1056 Unde
750 971 918 1074 sequitur'
940 983 1121 1054 materiam
1155 1004 1199 1053 ne
1229 983 1332 1053 istius
1366 982 1507 1071 quidem
1542 963 1708 1073 quamvis

186 1091 189 1100 Ι
277 1120 369 1192 finiti
396 1119 502 1209 spatii
529 1081 696 1190 amintam
723 1109 886 1207 aequare.
941 1114 1036 1207 Ergo
1064 1117 1203 1208 etipsa
1228 1117 1327 1188 finita
1354 1116 1421 1189 fuit
1446 1120 1708 1208 magnitudine.

280 1225 376 1348 Quid
409 1254 518 1345 igitur
546 1253 731 1358 Lucretius
764 1251 952 1326 refutavit?
1001 1252 1129 1324 Intra
1156 1258 1312 1324 certos
1339 1254 1551 1342 quosdam
1579 1253 1709 1330 fines

276 1392 461 1464 inclusa
485 1412 580 1461 esse
608 1397 651 1462 et
676 1391 865 1480 spatium
896 1395 1031 1460 totum
1060 1395 1103 1460 et
1131 1369 1360 1478 materiam
1383 1411 1561 1464 omnem.
1621 1390 1711 1466 Hoc

283 1509 433 1616 denique
473 1545 543 1598 non
584 1526 685 1598 modo
717 1523 898 1616 refutavit,
939 1525 1001 1610 sed
1034 1547 1071 1596 se
1104 1523 1336 1596 refutaturum
1368 1546 1445 1597 esse
1478 1548 1584 1617 supra
1624 1527 1710 1618 ipse

282 1662 508 1752 significavit,
548 1653 625 1736 ium
664 1686 753 1730 omno
783 1664 920 1751 spatium
948 1681 1088 1729 summae
1120 1662 1213 1729 totins
1252 1660 1381 1733 finibus
1417 1663 1588 1742 inclusum
1621 1685 1709 1738 esse

136 1797 139 1807 '
164 1881 169 1892 ,
282 1801 449 1891 sumpsit3
476 1789 556 1871 uam
575 1799 605 1869 si
626 1798 671 1869 ad
687 1819 841 1866 sarnanum
861 1812 957 1864 totam
976 1797 1122 1876 materia
1145 1817 1281 1886 quoque
1307 1799 1474 1889 pertinet,
1501 1799 1546 1870 ad
1562 1803 1711 1890 aporiam
1808 1821 1812 1828 ·

200 1981 205 1992 .
281 1957 420 2034 sommae
445 1936 540 2003 torius
570 1934 674 2004 etiam
702 1933 1049 2024 spatiummateriae
1076 1933 1252 2023 pertineat
1277 1951 1419 2005 necessa
1439 1941 1503 2006 est.
1548 1933 1584 2006 Is
1603 1958 1710 2034 vero,

181 2073 185 2082 '
210 2131 215 2143 .
280 2070 341 2159 qui
360 2071 498 2172 spurium
515 2071 663 2138 materiae
680 2068 817 2141 finitum
837 2089 914 2138 esse
934 2068 1173 2152 contenderat,
1201 2070 1381 2146 materiam
1399 2069 1509 2159 ipsam
1527 2071 1709 2157 infinitam

281 2227 360 2278 esse
397 2226 616 2295 nequaquam
647 2205 819 2304 putabat
873 2185 982 2295 Quae*
1000 2223 1075 2276 cum
1105 2205 1154 2275 ita
1180 2205 1269 2295 sint,
1301 2213 1337 2275 et
1363 2227 1406 2276 ex
1432 2227 1485 2296 eo,
1511 2208 1603 2294 quod
1633 2209 1709 2282 sibi

281 2339 515 2413 refellendum
538 2341 742 2432 proposuit,
769 2346 805 2411 et
831 2362 876 2440 en
901 2341 969 2432 eis,
994 2361 1081 2428 quae
1108 2338 1275 2411 refellens
1294 2341 1431 2438 attulit⁷
1453 2364 1526 2413 non
1553 2311 1709 2419 desolo

247 2517 250 2524 .
282 2471 406 2568 spatio,
428 2477 490 2548 sed
505 2463 674 2590 despatio
688 2482 725 2548 et
742 2476 901 2567 matem'a,
916 2475 959 2546 do
978 2476 1141 2546 universo
1159 2484 1297 2565 poetam
1312 2478 1570 2568 disputaturum
1590 2475 1707 2554 fuisse
1726 2533 1729 2542 ι

61 2623 64 2630 “
171 2597 172 2602 ’
279 2613 536 2708 intellegimus.¹
558 2599 560 2604 ’
579 2611 690 2684 ¹Nihil
712 2591 832 2706 'igitur
859 2612 953 2682 inter
982 2612 1047 2684 hoc
1080 2620 1322 2699 argumentum
1358 2597 1394 2685 et
1420 2636 1461 2685 ea
1488 2603 1577 2702 quae
1603 2625 1709 2690 ante·
1848 2689 1851 2696 A

282 2749 410 2820 cedunt
434 2750 602 2839 interest,
636 2749 706 2820 nisi
737 2747 830 2837 quod
862 2747 933 2818 illis
975 2747 1154 2835 quaeritur
1187 2747 1229 2817 de
1259 2731 1326 2838 eis7
1359 2771 1448 2837 quae
1479 2719 1734 2828 rnoroomue

170 2867 173 2874 ¹
282 2891 343 2956 aut
362 2885 439 2966 sint
463 2889 524 2956 aut
551 2905 621 2954 non
645 2885 733 2976 sint,
767 2885 831 2955 hoe
854 2888 970 2954 autem
997 2883 1039 2953 da
1066 2883 1132 2971 eis,
1161 2903 1248 2969 quae
1276 2885 1363 2950 intro
1396 2905 1497 2954 omne
1525 2893 1585 2956 aut
1613 2887 1708 2960 fiant

282 3027 429 3093 autnon
449 3021 546 3092 fiant.
589 3018 784 3093 Sedunum
803 3025 952 3114 utraque
971 3013 1106 3088 ratione
1126 3017 1396 3108 demonstratur,
1416 3020 1503 3114 nihil
1523 3027 1559 3091 et
1575 3019 1706 3092 salsius
1777 3059 1780 3064 ·

282 3162 318 3229 et
343 3157 498 3247 ineptius
524 3123 754 3245 quam'omne
781 3135 1034 3226 finitum'esse.
1257 3235 1260 3244 Δ
1352 3129 1355 3140 ’

409 3292 509 3384 Quae
526 3311 601 3365 cum
621 3294 671 3364 ita
689 3294 771 3383 sint,
797 3313 841 3363 ne
866 3311 930 3380 ego
954 3289 1093 3379 quidem
1116 3263 1292 3358 turbatum
1312 3258 1393 3357 esse
1413 3290 1702 3374 argumentorum

283 3429 441 3520 ordinem
475 3430 512 3498 in
538 3391 607 3520 eis,
643 3450 732 3518 quae
758 3450 791 3499 v.
819 3425 892 3497 997
928 3432 1109 3514 secuntur,
1144 3421 1355 3510 negaverim.¹
1409 3403 1501 3512 Nam
1535 3421 1655 3528 versio

282 3564 507 3635 998-1001
533 3580 626 3634 onero
646 3585 747 3635 omne
767 3562 855 3634 nihil
871 3569 951 3648 ¹esse
969 3563 1101 3632 iterum,
1114 3557 1309 3648 exponitur,
1332 3554 1424 3642 quod
1443 3560 1523 3642 post
1545 3556 1678 3666 primo.

278 3697 323 3770 ‘et'
345 3701 494 3773 alterum
521 3705 727 3791 argumenta
753 3699 832 3770 huic
859 3698 1053 3787 simillima,
1078 3700 1158 3770 anta
1184 3692 1324 3762 tertium
1358 3686 1553 3759 faciendum
1588 3687 1665 3795 iuis·
1686 3678 1703 3779 Τ

239 3835 242 3844 ⁴
282 3837 473 3908 rectissime
491 3836 820 3910 Munroiudicavit.
866 3835 937 3908 Sed
956 3823 1129 3923 proferam
1149 3827 1240 3916 quod
1259 3825 1382 3898 sentio.
1426 3821 1536 3894 Nullo
1555 3809 1651 3894 omni
1701 3826 1703 3835 “

282 3970 358 4050 loco
379 3993 497 4043 versus
515 3973 588 4064 isti,
609 3972 729 4066 quales
749 3956 906 4064 exstant
928 3977 1008 4060 apte
1036 3964 1144 4036 inseri
1162 3967 1307 4058 possunt
1324 3980 1435 4048 neque
1452 3959 1525 4029 ullo
1543 3979 1671 4049 unqua

196 4091 199 4100 ¹
284 4085 411 4178 inserti
433 4073 587 4181 fueruit.
630 4108 732 4213 Nihil¹
759 4111 851 4182 anim
879 4079 929 4178 eis
956 4101 1163 4212 continetur3
1180 4096 1272 4185 'quin
1297 4101 1333 4166 et
1357 4094 1391 4184 pi
1503 4085 1705 4200 Μ

283 4215 463 4337 perspicue
496 4245 672 4336 imprimo
700 4241 906 4334 argumento
940 4262 994 4342 vu.
1023 4230 1234 4308 aaa-967
1265 4229 1383 4320 exposi

1689 3784 1699 3819 i
1771 3816 1775 3827 ,
