4002 5238
328 352 364 404 10

333 527 432 618 Quae
460 525 577 598 omnia
603 531 790 615 tantopere
815 523 910 595 inter
942 545 979 595 se
1013 524 1255 614 consentiunt,
1296 531 1366 594 tam
1395 523 1577 615 perspicue
1607 525 1767 616 exposite

333 669 429 753 sunt,
452 667 493 734 ui
520 683 588 752 qun
615 682 726 751 usque
753 681 812 732 res
841 660 1037 732 clarissime
1067 681 1088 732 a
1113 661 1349 750 grammaticis
1387 659 1572 732 obscurata
1609 662 1673 754 sit,
1707 661 1765 732 vix

332 800 515 889 quisquam
549 799 687 890 credat,
718 799 788 869 nisi
821 797 933 871 libros
965 799 1171 888 inspexerit.
1237 795 1330 870 Nam
1365 805 1405 868 nt
1437 797 1657 890 perspicuum
1695 805 1761 888 est,

332 937 434 1007 hines
459 934 539 1005 illas
564 935 721 1008 locorum
750 933 904 1005 omnium
932 938 968 1005 ei
994 935 1105 1006 totins
1131 935 1238 1025 spatii
1265 945 1386 1024 partes
1413 931 1551 1028 (plenas
1571 941 1607 1005 et
1624 931 1763 1030 menas)

332 1093 411 1143 sese
438 1071 584 1144 invicem
611 1070 727 1162 finire,
754 1071 805 1142 ite
829 1070 902 1142 alte
929 1071 1077 1160 caligine
1106 1069 1254 1143 offusum
1280 1077 1351 1160 est,
1386 1070 1478 1159 quod
1508 1070 1670 1141 nonnulli
1695 1070 1762 1143 sibi

333 1213 598 1300 persuaserunt,
626 1228 728 1277 omne
752 1207 902 1299 spatium
927 1214 964 1277 et
986 1207 1062 1278 eius
1084 1215 1223 1296 partem
1242 1206 1381 1298 plenam
1406 1207 1478 1296 (vel
1502 1224 1649 1296 corpora
1674 1227 1761 1295 qnae

333 1365 411 1415 eem
445 1340 604 1440 nbinent)
638 1342 767 1414 finibus
800 1364 878 1413 esse
913 1341 1172 1434 communibns3
1207 1343 1300 1432 qued
1334 1343 1455 1415 eodem
1489 1349 1584 1416 certe
1610 1343 1689 1412 inne
1717 1342 1760 1412 de

334 1481 431 1551 omni
455 1481 569 1570 spatio
596 1485 633 1550 ei
665 1479 778 1550 altere
809 1479 884 1550 eius
912 1483 1031 1570 perte,
1060 1498 1148 1566 quae
1179 1478 1294 1550 inanis
1322 1486 1392 1569 est,
1419 1479 1533 1550 dicere
1560 1479 1673 1572 possis
1705 1480 1762 1550 vel

334 1616 378 1686 de
405 1616 556 1687 hominis
582 1620 658 1687 toto
691 1633 834 1705 corpore
867 1621 902 1686 et
934 1615 1047 1705 capite
1081 1616 1138 1686 vel
1170 1601 1246 1688 teto
1275 1616 1389 1706 eapite
1419 1623 1456 1687 et
1489 1637 1575 1694 nese
1605 1623 1641 1686 et
1673 1637 1761 1705 quae

336 1752 467 1822 similia
489 1757 581 1823 suni.

461 1885 564 1960 Nihil
590 1889 658 1958 iem
686 1886 908 1961 adiciendum
942 1894 998 1957 est
1030 1895 1173 1978 praeter
1209 1911 1334 1978 nnum3
1370 1889 1400 1960 si
1428 1889 1531 1959 inane
1558 1911 1627 1959 non
1656 1895 1762 1979 esset,

336 2026 453 2097 emnia
479 2048 549 2097 non
576 2024 678 2096 modo
704 2023 818 2095 selide
844 2029 982 2114 essent,
1019 2023 1083 2095 sed
1115 2026 1249 2096 moveri
1284 2046 1356 2097 non
1387 2031 1550 2118 possent3
1579 2046 1658 2095 nem
1686 2025 1762 2095 sine

336 2163 435 2234 inani
463 2183 552 2252 puro
585 2183 628 2233 ex
653 2160 811 2234 Lucretii
838 2160 997 2231 doctrine
1028 2160 1118 2231 nihil
1152 2183 1304 2250 unquam
1336 2160 1543 2232 movebitur.
1602 2161 1703 2252 Tum,
1731 2162 1762 2231 si

287 2297 292 2308 '
337 2298 426 2369 nihil
450 2304 665 2389 moveretur,
691 2296 779 2369 nihil
808 2302 961 2369 ereetum
986 2303 1098 2388 esset3
1124 2295 1166 2368 cl.
1189 2297 1212 2366 l.
1231 2296 1249 2368 I
1267 2320 1321 2370 vv.
1344 2299 1417 2369 342
1436 2318 1506 2386 sq.:

625 2519 712 2580 quem,
735 2499 765 2562 si
785 2519 849 2562 non
870 2503 950 2562 esset
970 2498 1077 2577 inemo,

506 2616 583 2682 Non
603 2623 668 2681 tam
688 2618 819 2681 sollicito
841 2622 925 2680 litote
940 2618 1074 2697 private
1096 2621 1246 2698 carerent,

512 2735 613 2816 Quam
633 2737 742 2818 yenite
764 2737 888 2800 ennnninm
909 2735 999 2798 melle
1020 2736 1143 2798 ratione
1157 2733 1310 2817 fecissent,

517 2854 660 2937 Undique
680 2856 827 2918 menteriee
848 2854 996 2939 qnoniam
1013 2856 1133 2935 stimme
1154 2855 1296 2938 quiesset.
