4002 5238
314 337 350 392 18

200 579 208 598 ‚
315 533 431 604 neque
457 515 558 584 extre
585 509 702 582 desint
727 513 763 580 et
789 525 946 598 corpore,
974 529 1063 596 quae
1090 508 1125 578 in
1150 530 1229 581 eum
1248 514 1436 600 penetrare
1460 461 1611 598 pdssint
1633 512 1670 578 et
1686 507 1750 575 toci

316 650 409 740 sepia
427 669 460 719 v.
484 646 570 736 359,
599 647 686 714 loeus
709 667 741 714 v.
767 644 852 734 362,
880 657 997 712 tratura
1021 643 1084 710 Ioci
1107 645 1301 736 sputumque
1320 644 1480 735 profundi
1494 665 1527 713 V.
1548 643 1634 734 370,
1658 663 1745 732 quae

317 789 418 856 extra
448 802 618 854 summam
652 781 805 851 omniurn
846 785 884 850 et
914 779 1116 850 universum
1141 779 1292 869 spatium
1318 799 1462 869 prorsus
1487 778 1744 850 desiderentur.

446 916 518 991 Sed
540 920 610 990 iam
635 917 680 988 ud
704 915 775 986 alia
800 914 1017 1005 pergendum
1043 921 1109 1004 est,
1139 935 1227 1005 quae
1251 914 1474 1004 gravissimus
1491 914 1745 1006 interpretibus

314 1053 544 1129 difficultates
569 1053 830 1144 praebuerunt:
870 1050 1044 1121 infinitam
1085 1051 1239 1121 omnium
1279 1069 1462 1142 corporum
1503 1072 1671 1122 summurn
1709 1057 1747 1122 et

318 1194 432 1264 omnis
461 1192 567 1283 spatii
593 1190 882 1280 magnitudinem,
910 1208 998 1276 qnae
1024 1186 1262 1258 l.1vv.951
1291 1208 1343 1276 sq.
1371 1187 1606 1258 illustrentur.
1667 1186 1746 1277 Quo

318 1305 394 1402 loce
421 1349 509 1418 quae
536 1331 643 1417 poeta
673 1325 853 1415 exposuit,
885 1323 936 1392 eis
966 1323 1002 1392 in
1027 1321 1153 1393 ceteris
1176 1320 1278 1392 libris
1302 1322 1397 1393 haud
1427 1321 1536 1394 semel
1562 1343 1645 1393 usus
1672 1328 1743 1393 est:

319 1462 440 1538 confer
467 1465 491 1534 l.
514 1461 550 1534 Π
576 1485 630 1535 vv.
652 1463 700 1532 92
729 1483 797 1550 sq.:

643 1628 792 1708 pueur‘um
813 1626 954 1707 spatium
976 1626 1045 1689 siue
1059 1626 1128 1709 flue
1151 1623 1297 1706 modoque
1317 1629 1372 1703 est,

494 1746 747 1828 Immensumque
762 1750 875 1826 putere
896 1746 932 1808 r'u
954 1748 1081 1808 euurtus
1101 1745 1237 1826 undique
1253 1743 1362 1824 partis

492 1865 646 1931 Pluribus
668 1865 789 1929 osteum·
812 1868 841 1927 et
863 1869 947 1928 eertu
967 1864 1088 1928 rutinue
1104 1863 1272 1943 probatum
1294 1866 1348 1925 est.

390 2021 474 2088 1044
870 2037 939 2082 urm
960 2036 1084 2081 summu
1107 2015 1163 2080 teer'
1184 2016 1228 2080 sit
1274 2033 1281 2048 ·

493 2136 629 2222 Iufim'tu
642 2134 731 2219 forts
753 2135 828 2200 duee
850 2135 940 2202 e'utru
961 2135 1085 2200 mnemia
1106 2134 1224 2198 muudi.

390 2291 472 2358 1048
494 2288 660 2369 Principio
681 2288 770 2353 uobis
793 2289 828 2351 tu
850 2294 977 2355 euuetus
998 2288 1133 2368 undique
1149 2289 1259 2368 purus

491 2405 538 2470 Et
558 2408 653 2471 lutere
675 2427 714 2470 eu
735 2412 862 2488 utroque
883 2427 984 2488 supra
1005 2405 1166 2487 subterque
1185 2427 1247 2486 per
1268 2427 1357 2472 eume
1443 2395 1451 2416 ⁸

494 2525 598 2590 Nuttu
619 2532 665 2590 est
677 2527 767 2610 firu's,
790 2527 839 2588 utu'
860 2526 958 2603 (lueret,
982 2546 1034 2590 res
1053 2527 1185 2606 r'psuprm
1200 2547 1263 2606 per
1285 2548 1318 2591 se

502 2642 711 2726 Vociferatur,
723 2649 763 2748 'et
783 2644 879 2708 elucet
901 2649 1019 2709 uu-turu
1033 2643 1200 2726 profuudr'.

388 2797 470 2863 1053
500 2795 645 2878 Urrdu'que
667 2816 735 2860 unm
756 2816 882 2860 eorsum
903 2797 1042 2876 sputus-m
1061 2802 1147 2860 ruent
1165 2796 1336 2880 infinitum,

390 2952 471 3021 1067
495 2948 666 3013 Pruetereu
687 2969 756 3013 eum
777 2951 925 3013 materies
946 2957 994 3015 est
1014 2951 1113 3015 mrdtu
1129 2955 1259 3031 purutu,

498 3065 577 3130 Cum
599 3067 683 3133 loeus
704 3073 750 3132 est
768 3073 905 3148 pruest.

318 3225 483 3312 Denique
519 3224 543 3294 l.
575 3223 694 3296 Vuv.
722 3227 935 3296 351-379
975 3245 1082 3315 snpra
1119 3245 1139 3293 a
1174 3243 1228 3292 nne
1269 3221 1528 3298 commemorati
1570 3221 1740 3310 imprimis

319 3361 418 3450 digni
442 3367 535 3449 sunt,
561 3361 620 3448 qui
641 3381 717 3433 curn
736 3362 841 3450 primi
860 3361 943 3432 libri
961 3362 1033 3431 illis
1051 3357 1298 3448 conferantnr3
1323 3357 1489 3428 mnndum
1514 3357 1605 3427 enim
1625 3357 1740 3446 perire

318 3515 423 3586 posse
451 3494 664 3584 arbitretur,
697 3496 779 3583 quia
811 3518 924 3585 neque
956 3495 1088 3567 solidus
1128 3495 1176 3564 sit
1205 3500 1245 3564 ut
1271 3494 1478 3583 primordia,
1506 3514 1619 3580 neque
1642 3493 1741 3598 tengi

319 3651 391 3702 non
418 3629 531 3718 possit
556 3633 597 3699 ut
622 3630 738 3720 inune,
764 3653 875 3720 neque
896 3633 982 3723 eius,
1009 3632 1102 3719 qnod
1120 3653 1220 3703 nmine
1239 3631 1380 3722 dicitnr,
1405 3632 1451 3703 ad
1476 3629 1739 3702 similitudinem

319 3765 472 3854 accedat,
498 3763 595 3834 cuius
622 3785 735 3852 neque
763 3765 939 3838 elementa
965 3771 1057 3855 quod
1085 3771 1235 3859 excipiat
1261 3769 1424 3859 spatium,
1449 3788 1564 3857 neque
1588 3768 1739 3858 spatium

319 3921 409 3990 quse
435 3898 572 3969 intrent
594 3899 767 3971 elementa
793 3909 941 3976 exstent.
989 3899 1057 3998 (of.
1079 3906 1183 3975 etiam
1201 3905 1226 3975 l.
1243 3903 1277 3974 II
1295 3927 1349 3974 vv.
1371 3900 1597 3997 son-307.)
1637 3902 1740 3992 Quod

318 4036 363 4108 ob
403 4055 478 4106 earn
520 4053 657 4106 censam
698 4038 1031 4128 memorabileest,
1057 4040 1157 4128 ·quie
1188 4039 1213 4112 l.
1246 4039 1265 4110 I
1295 4062 1349 4111 vv.
1384 4041 1458 4110 958
1490 4061 1542 4129 sq.
1585 4060 1655 4110 nen
1695 4038 1738 4109 de

317 4172 394 4243 selo
421 4159 545 4260 spatio,
574 4170 635 4240 sed
664 4170 706 4241 de
727 4193 935 4246 summarum
961 4195 1096 4245 sumina
1122 4177 1178 4263 agi
1202 4182 1297 4247 recte
1315 4176 1529 4265 interpretes
1555 4195 1740 4265 perspexe-

313 4312 414 4382 runt.
464 4303 536 4380 Sed
569 4307 605 4376 in
639 4307 886 4397 dispertiendis
919 4310 1165 4399 disputationis
1201 4311 1365 4402 partibus
1397 4311 1628 4403 dissentiunt,
1662 4331 1738 4384 cum

12 4894 308 5228 s(
