4002 5238
274 324 309 380 28

274 500 453 591 inusitata,
476 499 781 576 alcmaeon
806 499 939 576 Munro
966 503 1119 594 collegit.
1172 501 1272 578 Haec
1299 508 1415 580 autem
1442 503 1559 576 omnia
1583 525 1605 576 a
1627 502 1699 576 Lu·

274 638 383 712 cretio
411 637 642 714 abiudicanda
673 660 751 712 esse
783 661 827 713 ne
857 639 996 713 Pollius
1023 641 1184 733 quidem,
1215 639 1384 714 candidus
1417 645 1454 712 et
1485 641 1634 714 aliorum
1660 649 1698 714 et

276 773 331 846 sui
349 773 460 866 ipsius
479 773 595 866 iudex,
622 774 820 848 contendet.
865 775 954 848 uum
972 771 1121 849 latinum
1142 796 1232 868 esse,
1250 777 1343 865 quod
1361 776 1495 850 codices
1512 776 1696 870 praebent,

275 909 333 982 vix
358 910 434 999 ipse
459 915 626 1000 negasset
649 909 718 982 nisi
740 910 986 984 observatione
1014 909 1159 982 metrica
1183 915 1374 999 permotus.

375 1043 503 1119 Restat
529 1051 568 1118 ut
593 1046 637 1118 ‹le
665 1067 718 1118 vv.
744 1046 843 1118 1014
868 1067 919 1135 sq.
947 1046 1065 1138 paucis
1099 1046 1295 1120 absolvam:
1329 1046 1521 1136 primordia
1548 1065 1694 1118 numero

276 1180 394 1272 finito,
423 1181 528 1254 inane
561 1201 688 1272 purum
718 1181 892 1254 inlinitum
926 1202 1003 1254 esse
1036 1179 1253 1274 confutatur:
1285 1180 1351 1254 hoc
1383 1181 1476 1254 enim
1508 1180 1692 1254 siveram

276 1324 384 1410 esset,
403 1322 477 1390 tum

448 1447 518 1512 Nee
538 1469 626 1513 more
648 1469 704 1514 oea
724 1450 816 1515 tellus
835 1468 933 1532 oeque
952 1450 1035 1516 'coeii
1056 1449 1162 1516 locide
1183 1449 1301 1532 templa

446 1567 516 1633 Nee
536 1569 666 1633 mortale
686 1589 787 1652 penus
807 1588 864 1634 neo
884 1569 991 1634 diuum
1013 1588 1144 1650 corpore
1164 1573 1277 1634 sanctu

446 1685 611 1769 Euipuum
626 1692 760 1767 possent
779 1685 872 1752 huoi
892 1687 1005 1752 sistere
1027 1693 1169 1769 tempus,·

451 1803 541 1869 Nom
562 1805 708 1888 dispulsa
728 1826 784 1870 εαο
806 1805 843 1870 de
867 1809 952 1870 coctu
972 1807 1121 1871 materian

455 1921 556 2006 Copia
569 1924 716 2007 ferretur
736 1945 886 2006 magnum
900 1945 963 2006 per
984 1926 1080 1989 iuoue
1100 1925 1212 2004 solutu,

449 2041 524 2108 Siue
544 2043 621 2110 odeo
636 2046 747 2126 potius
767 2019 929 2126 uunquam
951 2047 1093 2110 waureio
1113 2047 1252 2110 creasset

456 2159 563 2228 Ullam
583 2183 660 2243 rem,
681 2165 829 2245 quonium
849 2164 916 2246 copi
938 2163 1070 2228 disiecta
1090 2165 1248 2245 nequisset
1271 2212 1278 2227 .
1303 2212 1309 2225 .
1335 2212 1341 2225 .
1367 2211 1373 2224 .

277 2315 395 2390 Unum
413 2318 555 2409 neglegi
573 2320 700 2411 nolim:
727 2321 758 2391 si
776 2341 877 2392 omne
896 2321 1046 2410 spatium
1065 2334 1102 2391 ec
1120 2341 1220 2391 omne
1243 2321 1294 2392 ita
1316 2318 1542 2408 compositum
1567 2321 1633 2409 est,
1659 2322 1699 2389 ut

277 2454 355 2529 locu
380 2455 486 2545 plena
503 2461 540 2528 et
557 2457 703 2528 materia
726 2457 790 2528 illa
806 2457 982 2548 complens
1000 2457 1113 2546 finita,
1131 2455 1207 2527 loca
1224 2474 1331 2527 vacua
1348 2453 1487 2525 infinita
1506 2454 1588 2546 sint,
1608 2459 1696 2544 tum,

277 2596 318 2662 ut
342 2592 484 2663 tandem
509 2610 585 2663 cum
611 2594 737 2664 ceteris
764 2595 990 2684 consentiam,
1018 2591 1106 2663 nihil
1131 2591 1292 2683 interest,
1317 2604 1436 2662 utrum
1463 2593 1559 2658 inane
1577 2612 1698 2679 purum

279 2747 323 2796 an
337 2699 421 2797 vero
440 2749 528 2794 omne
540 2729 676 2816 spacium
694 2728 869 2799 infinitum
887 2750 964 2800 asse
983 2728 1089 2821 dicas,
1105 2728 1267 2816 quoniam
1285 2747 1404 2798 verum
1424 2731 1479 2814 est
1496 2731 1695 2814 utrumqne.

280 2861 368 2935 (lum
402 2861 467 2934 hoc
497 2864 606 2953 igitur
631 2863 779 2936 alterius
806 2866 918 2954 partis
945 2866 1057 2937 altero
1083 2864 1243 2937 Lucretii
1269 2867 1473 2951 argumento
1500 2861 1537 2933 id
1562 2881 1696 2950 compa·

279 3000 425 3071 randum
446 3004 513 3090 est,
540 3001 633 3087 quod
652 2998 828 3091 Epicurus
845 3001 869 3071 l.
891 3024 920 3072 c.
939 3002 1095 3091 scripsit:
1130 2998 1194 3069 etna
1219 2996 1282 3094 γὰρ
1307 2997 1348 3091 ἦν
1370 2996 1407 3066 τὸ
1432 2995 1522 3065 κενὸν
1551 2993 1696 3092 ἄπειρον,

279 3133 375 3204 τὰδὲ
393 3138 534 3228 σώματα
560 3133 736 3232 ὡρισμένα,
764 3134 910 3230 οὐδαμοῦ
938 3112 976 3205 av
995 3135 1091 3229 ἔμενε
1115 3134 1333 3227 cleopater,
1358 3127 1425 3201 ἀλλ’
1456 3131 1593 3228 ἐφέρετο
1613 3129 1698 3200 κατὰ

280 3269 316 3340 τὸ
350 3269 481 3368 ἄπειρον
510 3271 600 3341 κενὸν
632 3270 853 3368 διεσπαρμένα
879 3271 946 3342 κτλ.
1017 3271 1121 3344 Nunc
1154 3272 1311 3360 demum,
1351 3289 1439 3357 quae
1478 3269 1572 3340 inter
1602 3273 1696 3339 totas

281 3408 492 3497 scriptorum
524 3409 846 3497 argumentationes
880 3410 971 3483 ratio
1004 3408 1219 3498 intercedat,
1252 3406 1355 3496 plene
1381 3404 1614 3495 perspicitur:
1642 3407 1697 3473 est

282 3542 374 3613 enim
399 3542 507 3616 haec:

483 3725 729 3819 Epicurus:
984 3721 988 3794 l
1235 3725 1504 3801 Lucretius:
1571 3795 1573 3800 .

282 3896 321 3998 1)
351 3902 453 3970 Omne
478 3899 652 3972 infinitum
681 3920 758 3972 esse
785 3922 855 3972 nno
889 3919 941 3972 ar·
1043 3895 1082 3995 1)
1114 3898 1213 3966 Omne
1231 3897 1404 3968 infinitum
1422 3916 1594 3983 esseuno‚
1613 3916 1703 3960 omne

351 4042 514 4126 gumento
541 4037 722 4128 probatur.
1084 4033 1087 4043 “
1111 4039 1147 4104 et
1164 4034 1300 4124 spotia-m
1321 4032 1502 4098 anniversom
1527 4028 1701 4099 infinitum

996 4191 1002 4202 ·
1112 4190 1190 4240 esse
1206 4166 1341 4240 duobus
1360 4162 1413 4262 (ut
1426 4186 1480 4236 vv,
1493 4163 1701 4236 ccc-1001

1114 4299 1285 4394 omittam)
1296 4302 1510 4393 argumentis
1519 4300 1700 4395 probatur.
