4002 5238
307 391 342 443 31

309 589 488 659 nunqnam
513 568 658 660 legerit,
684 565 810 658 quibus
837 567 978 657 plenum
1006 572 1043 639 et
1068 567 1172 638 inane
1195 589 1321 660 purum
1349 569 1400 640 ita
1427 575 1663 661 opponuntur,
1690 577 1730 642 ut

311 703 355 776 de
383 703 504 776 eadem
529 705 645 776 inanis
672 703 923 793 significatione
950 724 994 775 ne
1017 701 1076 778 hic
1101 703 1241 792 quidem
1269 703 1424 776 dubitari
1446 705 1568 795 possit.
1629 703 1728 798 Alia,

313 860 402 930 quaa
429 839 520 914 obici
543 847 703 932 possunt,
731 841 843 913 sciens
867 841 1123 930 praetermitto.

434 975 508 1048 Iam
532 997 628 1066 vero,
653 993 729 1050 cum
753 976 796 1048 de
814 975 990 1048 sententia
1006 981 1132 1068 poetae
1151 976 1237 1049 satia
1256 977 1385 1051 dictum
1404 978 1462 1069 sit,
1486 979 1596 1051 verba
1613 979 1730 1069 qualia

311 1111 475 1184 inlibris
502 1111 606 1183 editis
633 1115 789 1202 exstant,
815 1110 986 1201 perpendi
1019 1111 1134 1216 velim.
1196 1111 1292 1204 Quid
1323 1112 1439 1185 enim?
1478 1111 1634 1188 Rectene
1661 1111 1730 1188 Lu·

311 1249 444 1322 cretius
484 1247 614 1319 dixisse
657 1247 813 1350 creditur
852 1251 985 1318 atomos
1026 1248 1123 1315 inane
1158 1249 1252 1338 pleno
1297 1243 1541 1339 distinguere?
1599 1247 1729 1322 Nonne

306 1384 499 1458 ‘dicendum
524 1389 601 1455 erat
631 1403 689 1455 eas
717 1385 846 1475 piemon
872 1382 967 1450 taoni
992 1381 1220 1473 distinguere.
1274 1381 1427 1478 Aptius,
1454 1385 1524 1456 nisi
1550 1383 1671 1478 fallor,
1695 1393 1731 1458 et

311 1521 429 1592 verius
462 1519 581 1591 vinnm
615 1518 708 1593 dicat
731 1519 858 1608 aliquis
884 1517 1018 1610 facero,
1051 1523 1092 1589 ut
1121 1518 1220 1609 plena
1244 1518 1362 1608 poculi
1387 1539 1470 1610 pars
1504 1541 1526 1592 a
1555 1544 1655 1590 vocuo
1681 1520 1730 1592 di·

312 1657 441 1731 stincta
463 1655 511 1729 sit
527 1677 628 1746 qnam
649 1657 874 1731 contrarium.
917 1653 1049 1728 Verum
1067 1653 1105 1726 id
1127 1655 1254 1746 ipsum,
1275 1656 1366 1744 quod
1386 1656 1539 1749 requiro,
1564 1656 1600 1728 in
1625 1655 1732 1727 libro-

313 1815 390 1865 rum
425 1793 635 1883 scriptorum
662 1793 819 1882 vestigiis
854 1793 1061 1865 delitescere
1098 1790 1254 1884 videtur,
1291 1813 1369 1867 cum
1405 1794 1491 1867 baec
1522 1793 1730 1866 exhibeant:

314 1933 405 2014 Onne
421 1931 558 2022 spartam
575 1953 680 2021 poeno
704 1932 828 2019 possint
853 1931 1049 2019 dista'opnere
1067 1929 1168 1998 inani.
1211 1925 1303 2000 Nam
1323 1930 1428 2020 inani,
1457 1951 1533 2005 cum
1551 1932 1730 2020 egregium

313 2067 372 2159 sit,
397 2066 622 2139 retinendum
648 2072 713 2158 est,
737 2086 802 2157 pro
823 2089 927 2156 poeno
950 2072 1142 2156 reponatur
1162 2067 1280 2155 plene:

491 2231 577 2313 &aaa
598 2233 738 2313 spatium
752 2233 885 2313 plenem
899 2232 1029 2313 possint
1049 2231 1241 2314 obsaeptam
1262 2231 1364 2310 teoni,

313 2391 348 2463 b.
368 2413 399 2464 e.
420 2413 508 2482 quae
528 2390 692 2484 efficiant,
712 2396 752 2463 ut
770 2391 918 2482 spatium
939 2390 1082 2481 plenum
1101 2391 1302 2466 distinctum
1327 2391 1374 2462 sit
1392 2389 1435 2462 ab
1453 2389 1562 2463 inani.
1606 2387 1732 2480 Neque
1778 2405 1782 2414 ·

313 2549 397 2599 uero
421 2526 486 2600 hoc
504 2528 589 2598 mibi
609 2527 698 2600 obici
717 2528 834 2618 velim,
858 2525 1025 2600 Lucretio
1043 2529 1183 2617 spetiem
1200 2529 1329 2616 plenum
1348 2527 1463 2599 dicere
1482 2548 1553 2598 non
1571 2527 1732 2618 licuisse3

313 2686 396 2736 nam
423 2683 500 2737 cum
531 2664 600 2731 loco
627 2663 801 2752 permulta
831 2685 852 2733 a
879 2664 1082 2754 corporibus
1112 2663 1259 2752 compleri
1291 2662 1337 2752 (v.
1365 2664 1452 2756 522)
1488 2664 1563 2752 ipse
1591 2663 1732 2754 dixerit,

316 2801 467 2890 aliquam
492 2801 590 2890 aporii
614 2806 749 2892 partem
777 2821 855 2870 enm
880 2801 1008 2888 plenam
1040 2800 1204 2871 habuisse
1231 2799 1355 2889 negari
1378 2798 1512 2888 nequit.
1565 2797 1654 2890 Tum
1672 2800 1733 2888 qui

313 2959 385 3010 non
413 2958 513 3008 omne
539 2937 690 3026 spatium
719 2957 795 3008 esse
822 2959 955 3004 vacuom
978 2937 1075 3005 innare
1100 2930 1147 3030 (V.
1176 2935 1263 3026 523)
1297 2933 1353 3005 vel
1379 2934 1474 3002 inane
1494 2957 1614 3024 ponem
1646 2923 1732 3005 satis

314 3073 419 3163 plane
447 3073 626 3163 exposuit,
666 3073 764 3148 issi
797 3071 944 3144 alteram
975 3073 1080 3164 spatii
1108 3077 1242 3164 partem
1271 3090 1340 3142 non
1363 3073 1492 3163 plenum
1518 3092 1597 3144 esse
1624 3069 1733 3145 credi·

252 3203 253 3208 ’
314 3209 437 3300 disset,
464 3211 569 3281 nimio
595 3207 720 3282 fuisset
746 3209 910 3299 ineptior.
961 3205 1034 3280 Sed
1060 3206 1152 3297 quod
1181 3230 1251 3279 non
1278 3209 1417 3300 saepius
1443 3210 1583 3300 spatium
1605 3209 1733 3299 plenum

315 3345 481 3435 scriptum
505 3350 633 3435 exstat,
656 3344 694 3416 id
714 3345 835 3415 mirari
857 3343 941 3434 noli,
968 3362 1043 3416 cum
1072 3345 1273 3435 saepissime
1300 3368 1437 3434 corporo
1463 3345 1568 3434 spatii
1595 3349 1730 3433 partem
1785 3407 1791 3420 .

315 3481 519 3570 occupantia
550 3479 669 3552 eodem
705 3482 781 3553 iure
817 3481 915 3552 inani
945 3499 1034 3572 puro
1065 3483 1194 3574 opponi
1223 3481 1361 3574 possint
1386 3487 1492 3571 atque
1522 3480 1601 3570 ipsa
1627 3479 1732 3572 spatii

314 3639 397 3710 pars
420 3617 463 3688 ab
489 3617 562 3690 illis
588 3627 763 3712 occupata.
