4002 5238
857 1819 913 1902 lte
946 1819 1076 1902 innui
1107 1843 1228 1926 puro.

337 2076 573 2208 Heraclitum
595 2133 782 2207 Lucretius
800 2135 837 2204 in
857 2134 880 2203 l.
895 2133 957 2204 Iv.
975 2135 1048 2203 658
1067 2140 1256 2224 propterea
1274 2137 1498 2228 vituperavit,
1518 2138 1600 2226 quia
1622 2139 1657 2207 in
1675 2139 1766 2208 retus

338 2276 433 2342 inane
459 2272 637 2363 relinquere
658 2293 780 2361 pernam
808 2270 992 2358 noluisset
1020 2291 1088 2357 quo
1115 2270 1191 2341 loco
1220 2272 1348 2360 optime
1367 2272 1405 2342 id
1425 2272 1645 2366 significavit,
1673 2275 1765 2362 quod

339 2429 424 2479 suae
452 2407 633 2480 doetrinae
668 2407 848 2495 preprium
881 2410 985 2476 esset.
1045 2404 1126 2494 Ipse
1157 2407 1248 2476 enim
1274 2413 1416 2496 praeter
1440 2429 1482 2478 ea
1506 2409 1601 2500 loca,
1629 2430 1716 2498 quae
1744 2432 1765 2481 a

339 2545 488 2616 materia
510 2543 566 2614 vel
595 2543 799 2632 corporibus
818 2548 987 2632 occupata
1005 2548 1134 2632 essent,
1163 2543 1233 2613 elie
1251 2544 1428 2632 permulta
1447 2550 1584 2615 exstare
1604 2547 1763 2638 putebat,

342 2701 431 2768 quae
459 2701 605 2770 prorsus
633 2684 752 2750 essent
776 2699 886 2752 vacua
910 2699 1023 2767 neque
1042 2680 1116 2749 ulla
1134 2680 1191 2749 vel
1208 2679 1400 2768 primordia
1416 2681 1473 2750 vel
1491 2682 1763 2771 primordiorum

186 2806 224 2924 ἰ
338 2816 483 2888 concilia
519 2817 750 2886 continerent.
804 2813 882 2888 Hoc
909 2815 970 2885 ilie
997 2817 1092 2882 inane
1117 2837 1234 2904 perone
1261 2814 1355 2906 dicit,
1384 2836 1473 2904 quae
1501 2819 1668 2889 vocabule
1701 2818 1763 2888 im·
1825 2807 1839 2836 *

340 2953 463 3042 primis
486 2951 662 3022 laudando
688 2955 781 3042 sunt,
809 2950 971 3039 quoniam
999 2957 1127 3039 cetere,
1155 2950 1281 3038 quibus
1309 2973 1393 3022 usus
1421 2958 1487 3044 est,
1511 2974 1621 3043 paene
1650 2955 1765 3026 omnio

340 3087 504 3176 ambigua
529 3092 622 3158 sunt.

466 3219 522 3295 Ac
547 3223 695 3312 primum
721 3222 757 3292 in
785 3221 870 3311 ipsis
896 3221 1002 3291 rebus
1026 3221 1132 3292 inane
1150 3242 1276 3310 purum
1295 3243 1371 3293 esse
1396 3223 1421 3292 l.
1440 3221 1470 3293 Ι.
1489 3244 1544 3294 vv.
1564 3223 1764 3296 eno-357

339 3359 422 3429 inde
464 3359 742 3449 demonstratur,
782 3357 874 3446 quod
904 3356 941 3427 in
975 3378 1034 3428 eos
1065 3378 1202 3447 omnes,
1241 3358 1379 3429 etiamsi
1413 3357 1646 3431 solidissimae
1686 3383 1763 3432 esse

339 3494 539 3586 rideantur,
567 3495 655 3565 alias
680 3500 868 3583 penetrare
896 3498 1077 3584 appareat
1102 3493 1195 3581 quod
1220 3515 1289 3564 non
1323 3494 1442 3586 fieret,
1474 3495 1542 3565 nisi
1568 3515 1648 3567 raro
1680 3497 1763 3568 illue

341 3651 487 3721 corpore
511 3637 643 3723 essent,
665 3629 700 3700 h.
721 3651 752 3700 e.
770 3630 839 3700 nisi
863 3629 957 3700 inter
975 3651 1095 3700 earum
1114 3630 1307 3720 primordia
1326 3631 1438 3698 inania
1458 3637 1577 3702 essent
1602 3627 1647 3726 (v.
1665 3633 1764 3722 356),

340 3789 405 3858 per
432 3788 521 3854 quae
547 3765 736 3837 intervalia
763 3766 832 3835 alia
859 3784 1005 3855 corpore
1031 3769 1184 3838 transire
1205 3773 1360 3856 possent.
1405 3765 1539 3838 Eodem
1558 3774 1763 3856 argumento

340 3903 365 3976 l.
390 3895 455 3974 VI.
485 3925 539 3975 vv.
568 3902 781 3972 936-958
807 3904 942 3970 mc'ntunn
969 3927 1083 3992 corpus
1111 3904 1204 3970 inani
1227 3924 1303 3974 esse
1330 3895 1376 3998 (u.
1406 3899 1496 4000 941)
1527 3905 1679 3994 exponit.
1713 3945 1762 3956 -

342 4027 430 4108 Tum
456 4039 555 4110 ital.
582 4038 601 4109 Ι
624 4059 678 4110 vv.
708 4040 923 4110 565-569
950 4039 1163 4128 explicetur,
1197 4059 1265 4127 qun
1292 4039 1428 4110 ratione
1456 4039 1539 4131 fiat,
1565 4045 1606 4111 ut
1629 4062 1671 4110 ex
1696 4042 1764 4131 pri-

343 4175 500 4267 mordiis
525 4197 613 4264 quae
641 4177 718 4265 ipsa
741 4175 830 4247 dura
852 4176 934 4266 sint,
962 4197 1019 4246 res
1047 4180 1236 4246 nascantur
1261 4175 1399 4283 molles,

515 4323 703 4389 Aeminium
729 4325 875 4405 quoniam
902 4325 997 4388 serenet
1022 4330 1068 4388 est
1095 4325 1130 4388 in
1156 4324 1248 4388 cebete
1275 4325 1371 4388 inane
1401 4325 1444 4404 (v.
1472 4318 1559 4408 569).

1508 4478 1520 4526 'l
