4002 5238
294 341 313 393 8

300 539 369 606 quo
394 518 471 587 iure
500 517 543 589 de
570 517 751 606 scriptoris
781 515 957 587 sententia
990 514 1189 608 dubitetur,
1229 518 1390 605 equidem
1428 539 1498 590 non
1537 518 1718 608 intellego.
1809 587 1813 594 .

295 651 423 741 Neque
450 653 542 723 enim
569 676 683 744 corpus
710 651 852 742 pienum
879 673 957 722 esse
985 661 1146 744 negatur,
1174 653 1265 742 quod
1290 661 1327 724 et
1349 676 1450 726 omne
1475 660 1511 726 et
1530 655 1659 743 ubique
1683 663 1720 726 et

297 810 438 880 semper
463 789 607 880 pienum
633 789 718 880 fuit3
744 809 858 878 neque
885 788 1066 876 quicquam
1093 790 1233 861 oniiiino
1258 789 1315 860 vel
1339 790 1481 880 plenum
1500 791 1719 902 voiyacuum

297 949 375 998 esse
402 928 432 998 is
459 927 605 998 infitiari
630 933 780 1020 poterat⁷
807 926 866 1014 qui
887 925 965 998 ioca
990 947 1010 995 a
1036 925 1236 1014 primordiis
1255 933 1421 1016 occupata
1439 948 1584 1017 prorsus
1602 929 1719 1021 plena,

297 1065 368 1135 alie
394 1065 510 1136 omnia
535 1084 680 1154 prorsus
707 1081 814 1134 vacue
842 1083 918 1133 esse
944 1062 1183 1133 contenderat.
1237 1062 1341 1153 Quod
1368 1064 1397 1133 si
1423 1069 1541 1135 tamen
1568 1063 1719 1158 fecisset,

297 1222 376 1272 eum
405 1206 465 1271 aut
491 1199 746 1288 ineptissimum
771 1205 832 1269 eut
854 1198 1156 1272 mendacissimum
1179 1197 1353 1270 hominem
1377 1199 1556 1272 haberem.

424 1369 523 1459 Quae
564 1387 639 1439 cum
673 1369 724 1439 ite
754 1368 841 1459 sint,
881 1389 994 1457 neque
1035 1387 1161 1457 corpus
1201 1388 1314 1456 neque
1352 1370 1535 1457 quicquam
1576 1371 1717 1441 omnino

294 1527 439 1596 prorsus
475 1505 532 1575 vel
571 1505 712 1598 plenum
753 1503 811 1575 vel
848 1522 992 1575 vacuum
1041 1525 1118 1574 osse
1162 1509 1332 1595 negatur,
1373 1505 1435 1575 sod
1479 1524 1579 1574 omne
1625 1505 1718 1593 quod

295 1647 413 1722 estet
439 1662 539 1712 omne
567 1641 727 1730 spatium.
783 1639 983 1729 Utrumque
1009 1639 1123 1711 dicere
1150 1645 1291 1729 poterat
1317 1661 1430 1729 neque
1459 1641 1639 1728 quicquam
1667 1643 1720 1710 in·

293 1784 422 1850 torest:
455 1798 604 1866 namque
635 1777 665 1846 si
692 1798 793 1847 ourne
819 1777 969 1866 spatium
1000 1777 1126 1846 statuis
1158 1796 1302 1849 vacuum
1338 1798 1435 1868 osso,
1473 1778 1578 1847 otiam
1616 1798 1716 1848 omne

297 1915 389 2003 quod
417 1919 472 1985 est
497 1914 566 1984 erit
588 1914 711 2000 inane3
739 1913 769 1982 si
796 1934 896 1983 omno
917 1912 1066 2001 spatium
1095 1931 1116 1980 a
1145 1911 1348 2001 corporibus
1369 1919 1573 2001 occupatum
1594 1912 1715 2003 nobee,

297 2071 397 2121 orune
424 2050 516 2138 quod
543 2056 597 2120 est
621 2049 688 2119 erit
715 2049 868 2138 plenum.

420 2184 543 2273 Itaque
581 2185 664 2273 quid
690 2184 747 2255 vei
779 2185 920 2273 plenum
956 2184 1013 2256 vel
1041 2204 1187 2257 vacuum
1228 2206 1304 2257 esse
1345 2190 1451 2275 poeta
1481 2184 1613 2257 infitias
1647 2193 1716 2277 eat,

297 2327 391 2393 certo
425 2327 571 2392 constat.
625 2318 770 2411 Neque,
801 2305 842 2392 ut
873 2321 1014 2412 opinor,
1046 2327 1231 2410 tantopere
1254 2324 1290 2393 iu
1318 2322 1382 2394 hoc
1408 2323 1484 2393 loco
1510 2323 1716 2412 explicando

293 2459 507 2549 interpretes
552 2456 714 2526 nonnulli
760 2457 993 2545 erravissent7
1047 2459 1077 2527 si
1115 2478 1157 2527 oa
1209 2479 1296 2546 quae
1346 2457 1536 2531 Lucretius
1576 2445 1716 2547 scripsit

294 2595 435 2681 integra
474 2600 603 2662 essent.
669 2592 848 2663 Videntur
876 2601 991 2663 autern
1027 2592 1197 2664 nonnulla
1224 2595 1409 2665 excidisse:
1446 2595 1596 2684 primum
1623 2596 1714 2665 enirn

296 2729 426 2798 alteruis
460 2734 581 2802 contra
611 2750 709 2799 usum
747 2728 997 2801 Lucretianum
1024 2745 1100 2800 cuin
1128 2729 1202 2799 solo
1231 2747 1374 2818 corpore
1400 2730 1622 2800 coniunctum
1650 2737 1715 2819 est,

294 2886 372 2939 cum
400 2865 530 2936 autad
556 2871 742 2952 utrumque
771 2872 833 2934 aut
863 2866 907 2935 ad
938 2865 1121 2953 utriusque
1149 2886 1318 2936 sumniam
1347 2865 1568 2938 adiciendum
1595 2864 1714 2936 fuerit.

297 3001 409 3091 Quam
439 3001 482 3072 ob
509 3022 583 3071 rom
611 2999 814 3086 Lucretius,
841 3001 908 3070 uisi
934 2998 1056 3092 failor,
1088 3010 1150 3071 aut
1172 3000 1288 3074 dicere
1320 3007 1470 3092 poterat,
1495 3023 1595 3072 omne
1622 3004 1715 3090 quod

293 3143 347 3207 cst
375 3139 505 3205 alteruis
533 3136 681 3206 divisum
707 3157 783 3206 esse
815 3137 849 3202 io
874 3159 986 3226 corpus
1013 3153 1041 3204 rt
1066 3140 1178 3225 inune,
1215 3144 1276 3207 aut
1309 3138 1446 3204 alternis
1478 3161 1591 3226 corpus
1623 3140 1718 3204 11111111

289 3287 318 3338 et
349 3274 445 3340 iuuare
483 3295 614 3361 corpore
646 3271 859 3344 disiunctum
886 3294 985 3365 esse3
1018 3295 1087 3343 non
1121 3278 1278 3362 poterat,
1317 3273 1445 3340 alteruis
1476 3295 1590 3360 corpus
1621 3275 1719 3340 irruru'

291 3407 492 3480 distinctum
513 3428 600 3478 esso.
654 3406 758 3496 Quod
785 3409 934 3479 sirecte
962 3409 1184 3480 observatum
1212 3416 1279 3500 ost,
1307 3430 1349 3479 ex
1370 3408 1472 3508 huius
1491 3408 1558 3478 loci
1576 3409 1714 3480 ratione

291 3545 366 3615 veri
393 3544 506 3614 simile
534 3550 588 3614 est
615 3544 764 3614 alterurn
798 3544 888 3614 illud
918 3545 1097 3619 excidisse.
1151 3546 1239 3616 Turn
1267 3567 1286 3615 a
1313 3545 1491 3634 plerisque
1517 3545 1586 3614 iam
1611 3543 1714 3615 Laru-

290 3681 394 3751 binus
433 3679 616 3772 laudatur,
656 3681 716 3769 qui
755 3687 834 3771 post
870 3683 1063 3750 Distiuuum
1099 3681 1220 3752 deesse
1260 3682 1406 3753 coniecit
1435 3697 1489 3751 est.
1549 3680 1714 3770 Denique

292 3817 425 3889 accedit
442 3817 491 3907 id,
515 3816 606 3905 quod
624 3837 688 3907 per
707 3837 743 3887 se
763 3838 831 3887 uon
852 3817 999 3888 muitum
1019 3816 1165 3907 valeret,
1185 3818 1254 3888 nisi
1277 3818 1340 3888 ilia
1359 3817 1557 3907 probabilia
1575 3823 1713 3888 essent:

289 3953 392 4024 valde
419 3953 460 4023 fit
485 3952 713 4042 incommode,
738 3959 778 4023 ut
803 3953 897 4024 iuter
924 3977 1014 4021 omne
1036 3955 1123 4044 qctod
1150 3969 1195 4020 cst
1217 3953 1273 4023 vel
1301 3976 1391 4020 omae
1416 3955 1499 4042 quod
1516 3969 1558 4020 est
1574 3955 1712 4043 spatium

290 4095 327 4160 et
351 4091 500 4179 quonium
534 4112 589 4156 aec
612 4090 741 4177 picarum
777 4092 897 4157 nauiter
926 4105 1012 4158 catut
1042 4089 1290 4178 interpositum
1317 4087 1363 4158 sit
1396 4111 1523 4178 corpus.
1588 4087 1712 4176 Itaque

291 4213 489 4313 quanquaui
516 4245 574 4294 res
599 4225 676 4314 ipsa
700 4224 862 4313 ambigua
887 4246 963 4296 esse
983 4227 1119 4315 nequit,
1144 4233 1262 4298 tamen
1281 4244 1346 4315 per
1364 4224 1472 4295 verba
1497 4221 1626 4296 factum
1645 4234 1710 4312 est,

186 4453 189 4460 Ι
290 4367 329 4433 nt
354 4361 568 4451 interpretes
595 4366 765 4432 errarent.
821 4359 922 4450 Quod
950 4384 993 4433 ne
1018 4363 1131 4453 fieret,
1159 4363 1354 4450 quanquam
1381 4382 1450 4432 non
1479 4380 1618 4450 semper
1643 4357 1713 4429 Lu-
