4002 5238
289 308 306 362 l

289 481 368 555 Hoc
389 490 575 574 utrumque
603 482 832 574 Anaxagoras
861 492 897 557 61
921 486 982 556 alli
1009 488 1259 579 neglexerunt,
1287 487 1347 576 qui
1373 507 1431 559 res
1459 491 1496 558 61
1525 485 1649 558 molles
1676 493 1715 560 61

289 639 388 692 raras
414 641 584 693 essenon
611 628 829 710 negaverunt
854 629 895 692 61
921 630 1003 720 aira
1028 629 1142 694 terras
1167 624 1333 695 animalia

463 750 533 816 Neo
554 757 658 818 tamen
678 752 909 818 adipiscentia
930 773 1036 818 eorum
1057 757 1287 836 conpositione
1311 755 1345 834 (l.
1368 754 1388 819 I
1408 773 1440 822 v.
1464 753 1551 836 745).

288 890 446 964 Eandem
473 894 517 965 ob
545 913 684 967 causam
707 893 955 985 Anaxagoram
982 919 1015 968 v.
1035 897 1108 967 843
1133 897 1328 986 vituperat:

461 1039 531 1105 Neo
552 1046 656 1106 166666
677 1062 744 1108 6666
762 1043 830 1108 ultr
849 1043 934 1107 idem
955 1064 994 1107 erc
1009 1049 1105 1124 porte
1125 1045 1163 1109 io
1183 1044 1275 1110 rodus
1296 1045 1393 1110 inane

467 1157 621 1224 Concedit.
644 1198 686 1208 -

287 1300 491 1392 Praeterea,
519 1302 549 1372 si
575 1322 696 1373 verum
723 1309 830 1394 esset,
856 1303 948 1391 quod
974 1302 1154 1374 nonnullis
1180 1303 1324 1393 placuit,
1348 1309 1430 1373 aera
1449 1300 1549 1373 valde
1568 1300 1712 1373 denseri

288 1458 404 1528 posse,
429 1436 495 1509 hoc
517 1441 586 1506 riae
610 1440 704 1507 inani
726 1445 819 1510 certe
846 1439 924 1510 fieri
950 1460 1019 1511 non
1046 1444 1186 1529 poterat
1211 1434 1250 1534 (l.
1269 1437 1288 1510 I
1304 1460 1337 1510 v.
1359 1434 1459 1534 396),
1485 1459 1598 1527 neque
1617 1439 1711 1528 ignis

290 1574 358 1666 ita,
394 1580 434 1645 ut
465 1571 668 1646 Heraclitus
703 1575 771 1646 sibi
802 1576 995 1668 persuasit,
1029 1582 1065 1647 et
1095 1575 1239 1646 densior
1273 1581 1310 1646 et
1335 1574 1449 1646 rarior
1474 1595 1551 1646 essa
1579 1580 1708 1665 potest,

290 1712 358 1782 nisi
382 1717 515 1783 statuas
542 1714 721 1780 admixtum
746 1712 837 1780 retus
856 1715 1051 1782 inaurasse
1080 1709 1117 1800 (l.
1140 1707 1208 1782 Iv.
1228 1705 1337 1806 655),
1363 1716 1480 1781 tamen
1498 1710 1553 1782 illi
1568 1711 1712 1800 sopimur

290 1848 325 1914 in
350 1849 442 1916 retus
468 1833 562 1916 inane
586 1848 759 1937 relinquere
783 1871 910 1937 puram.
938 1887 986 1899 —
1013 1844 1162 1920 Accedit
1188 1848 1280 1936 quod
1307 1846 1407 1916 nulla
1431 1867 1489 1917 res
1513 1845 1570 1918 vel
1596 1845 1712 1936 frangi
1763 1919 1767 1930 ,

290 1982 348 2054 661
365 1983 511 2054 dissolvi
529 1983 585 2053 vel
604 1983 827 2054 alteratione
846 1983 962 2072 perire
981 1987 1131 2074 poterat,
1158 1983 1189 2054 si
1207 1983 1319 2054 omnis
1336 1981 1451 2052 solida
1473 1988 1510 2051 et
1536 1982 1603 2048 sine
1621 1982 1717 2051 inani

292 2124 388 2190 esset
413 2119 449 2210 (l.
477 2117 496 2189 I
520 2141 551 2191 v.
579 2115 683 2214 532):

465 2266 512 2331 Et
530 2287 588 2350 666
609 2288 747 2350 qumque
768 2268 871 2350 magis
894 2266 1009 2331 cohibet
1029 2287 1081 2332 res
1103 2269 1191 2332 intus
1212 2269 1317 2346 tuone,

468 2386 549 2451 Tam
569 2389 673 2470 acopis
694 2386 746 2450 aas
764 2386 856 2450 rebus
871 2388 1003 2468 penitus
1024 2392 1174 2468 temptato
1189 2387 1321 2452 16666611
1341 2384 1415 2471 (531
1432 2387 1506 2468 sm).

293 2530 457 2618 Denique
482 2530 519 2599 in
546 2546 690 2617 corpore
714 2528 852 2618 pondus
880 2532 946 2618 est,
975 2546 1051 2599 cum
1080 2543 1197 2596 nutrire
1220 2526 1326 2596 iconis
1353 2521 1390 2621 (l.
1419 2523 1437 2596 Ι
1462 2546 1493 2596 6.
1521 2524 1607 2613 363)
1635 2523 1712 2594 sine

293 2666 448 2758 pondere
478 2665 543 2754 sit,
575 2685 678 2752 quam
706 2665 750 2734 ob
777 2686 868 2753 rem,
902 2663 995 2752 quod
1023 2682 1132 2749 aeque
1164 2683 1326 2750 magnum
1358 2668 1394 2732 61
1428 2661 1541 2732 levius
1567 2665 1640 2756 est,
1674 2658 1714 2728 id

286 2807 362 2894 plur
393 2827 455 2872 csse
488 2803 549 2871 sidc‘
578 2804 721 2870 declarat
753 2801 861 2869 iconia
896 2803 941 2892 (v.
968 2800 1074 2890 365),
1109 2804 1145 2869 et
1177 2798 1269 2888 quod
1296 2798 1455 2889 gravius,
1489 2798 1585 2864 molto
1617 2796 1712 2863 ouccri

290 2943 398 3009 minus
423 2943 509 3009 intras
535 2939 648 3007 dobere
677 2933 723 3033 (v.
753 2937 851 3027 367).
916 2936 984 3009 Est
1008 2935 1117 3025 igitur
1152 2935 1328 3002 admiratum
1361 2935 1471 3022 66666,
1505 2934 1591 3021 qnod
1618 2932 1713 2998 111666

291 3100 438 3146 vocamus
467 3077 513 3164 (v.
543 3071 649 3170 369),
683 3091 726 3142 eat
751 3077 784 3142 in
808 3074 900 3141 rebus
927 3077 1021 3142 inune
1047 3071 1093 3161 (v.
1118 3071 1217 3160 330).
1249 3113 1299 3148 -,-
1331 3066 1403 3140 Sed
1430 3069 1468 3138 in
1498 3068 1549 3138 eis
1574 3073 1712 3138 tantum

293 3217 359 3302 est,
384 3231 472 3299 quae
500 3216 636 3282 creatae
662 3215 766 3299 sunt,
794 3210 830 3280 in
858 3210 981 3281 atomis
1006 3216 1135 3298 autem,
1163 3226 1252 3296 quae
1281 3225 1394 3292 nequo
1419 3203 1556 3274 initium
1583 3201 1713 3272 habue-

293 3352 377 3418 runt
401 3367 516 3436 neque
548 3347 653 3416 finem
687 3345 886 3435 habebunt,
923 3345 998 3416 eius
1032 3343 1132 3415 nulla
1162 3341 1334 3434 particula
1367 3345 1498 3411 exstat:
1532 3337 1645 3427 penitis
1677 3337 1730 3426 ia

214 3454 217 3459 ³
292 3484 387 3552 retus
411 3483 535 3550 inanest
561 3479 598 3575 (l.
618 3479 637 3552 I
654 3503 686 3553 v.
708 3478 812 3577 511),
843 3500 956 3568 neque
982 3481 1057 3550 ulla
1083 3502 1140 3551 res
1172 3499 1317 3568 corpore
1342 3497 1405 3546 suo
1430 3476 1527 3543 inane
1554 3473 1709 3564 (6511)

283 3605 409 3692 'celare
436 3621 565 3708 potest,
593 3617 662 3687 nisi
687 3618 735 3708 id,
763 3618 854 3706 quod
881 3616 971 3686 illud
998 3615 1147 3706 cohibet,
1176 3614 1325 3686 solidum
1351 3613 1415 3683 sit:

465 3748 509 3813 Id
522 3768 621 3830 porro
644 3749 693 3813 nil
713 3768 780 3812 case
795 3753 902 3828 potest
921 3748 988 3812 nisi
1009 3747 1157 3811 materiai

471 3866 654 3947 Concilium,
676 3869 871 3948 6666116666
891 3871 984 3948 66661
1003 3885 1110 3930 rerum
1131 3864 1266 3929 collidere
1291 3865 1333 3945 (v.
1357 3863 1420 3928 616
1442 3861 1516 3946 sq).

292 3993 374 4085 Ipsa
399 3993 591 4084 primordia
615 3993 683 4062 siae
704 3991 798 4058 inani
823 3997 905 4062 sunt
931 3986 999 4086 (vv.
1029 3991 1114 4079 510,
1144 3986 1243 4084 538).

420 4163 520 4236 Haec
546 4164 588 4234 de
612 4180 733 4252 vacuo,
759 4162 851 4250 quod
873 4163 910 4232 in
937 4161 1042 4232 rebus
1068 4160 1228 4232 omnibus
1256 4160 1319 4250 sit,
1350 4159 1388 4228 in
1413 4155 1613 4248 primordiis
1640 4176 1711 4227 non

294 4303 352 4394 sit,
380 4323 400 4373 a
422 4299 589 4374 Lucretio
616 4300 789 4373 docemur.
850 4298 951 4388 Quod
975 4302 1016 4368 61
1040 4304 1135 4370 recte
1163 4296 1392 4386 explicemus,
1424 4289 1608 4366 dicendum
1643 4291 1712 4362 erit

199 4704 272 4840 r
654 4725 656 4732 l

1247 5051 1250 5061 ¹
1328 5063 1330 5068 v

759 5085 763 5093 ι

596 5187 1037 5206 ι-ᾠλιὲ-ι--ῌ-ὼι-
1042 5199 1083 5206 ...-
1087 5199 1359 5206 μ-μ-..ῌ-ω-ῌῌ,
1372 5203 1375 5205 ,
