4002 5238
300 314 335 370 26

300 497 375 564 toto
402 490 515 580 spatio
541 511 612 562 uou
640 491 907 580 distinguentes.
959 487 1053 562 Iden·
1083 490 1177 561 euim
1212 487 1339 562 lactum
1374 497 1440 584 est,
1473 498 1513 564 ut
1539 494 1725 564 ulterutram

301 628 350 702 sic
375 626 608 717 explicarent:
635 631 697 698 aut
723 649 813 694 novae
830 629 969 716 spuriam
998 632 1061 698 aut
1093 645 1230 716 corpus.
1284 625 1406 698 Aliter
1439 649 1509 702 non
1541 628 1607 703 boc
1637 631 1726 705 exci-

301 764 395 836 disse
421 763 582 853 plerique
605 781 680 835 cum
701 759 928 834 Lachmanno
955 768 1112 834 statuere
1140 765 1325 852 poterant:
1355 785 1448 856 ‚nam
1473 765 1504 835 si
1520 765 1624 836 inane
1650 766 1726 838 fini-

300 906 376 974 tum
393 900 452 992 sit,
472 900 675 992 corporibus
694 879 842 970 infinitis
869 899 983 971 locum
999 919 1069 970 uou
1088 898 1306 989 praeberet‘,
1335 899 1428 987 quod
1446 899 1489 971 de
1508 903 1598 968 omiti
1620 905 1724 992 spatio

305 1037 436 1130 velere,
464 1037 507 1108 de
533 1037 628 1104 innati
646 1057 729 1126 paro
755 1055 824 1106 uon
852 1035 969 1106 valere
994 1036 1063 1106 iam
1082 1035 1256 1106 neminem
1276 1041 1487 1125 negaturum
1506 1059 1584 1108 esse
1609 1058 1724 1128 spero.
1754 1047 1757 1056 '

201 1265 205 1272 .
303 1172 356 1246 At
387 1173 493 1246 velim
524 1171 708 1263 intellegi,
742 1191 810 1260 quo
837 1191 950 1260 usque
976 1171 1045 1242 ista
1078 1173 1262 1238 olrannum
1294 1172 1454 1246 vocabuli
1480 1174 1726 1268 interpretatio
1794 1158 1797 1162 ’

301 1315 414 1381 totam
441 1279 653 1380 senteutiam
675 1311 866 1397 pervertat.
920 1302 974 1378 Ac
1007 1307 1157 1396 primum
1190 1305 1348 1378 dubitari
1372 1309 1505 1398 nequit,
1533 1309 1726 1396 quin'nlre-

297 1461 427 1516 rutrum
449 1442 494 1515 ud
512 1464 554 1514 ea
572 1440 797 1514 referendum
816 1442 873 1534 sit,
901 1462 990 1529 quae
1008 1437 1237 1514 antecedunt:
1265 1459 1489 1536 auroresceret,
1513 1467 1592 1533 quac
1612 1469 1726 1534 corpus

302 1580 405 1668 innui,
433 1579 476 1650 Et
492 1581 578 1668 quod
596 1581 691 1648 inune
708 1593 811 1647 aretem
830 1575 884 1664 esc,
911 1579 1003 1674 finiri
1018 1591 1156 1668 corpore
1170 1582 1259 1668 cupit.
1311 1579 1433 1669 Itaque
1460 1582 1518 1669 qui
1542 1562 1730 1670 ulteurrrum

207 1791 209 1798 ,
277 1689 347 1787 'ad
373 1736 473 1786 omne
502 1715 652 1804 spatium
677 1712 798 1805 refert,
813 1705 860 1784 ¹ei
883 1714 970 1789 haec
990 1714 1068 1804 ipsu
1091 1714 1134 1786 de
1165 1715 1259 1786 omni
1285 1716 1400 1805 spatio
1431 1717 1522 1789 dicta
1546 1739 1624 1789 esse
1653 1738 1730 1792 con-

302 1852 497 1926 cedendum
527 1857 590 1922 est.
643 1849 722 1923 Hoc
752 1856 869 1958 autern
896 1871 998 1939 quarn
1026 1851 1217 1923 absurdum
1246 1851 1308 1942 sit,
1345 1853 1552 1944 uuiversum
1579 1854 1730 1943 spatium

302 1994 340 2060 et
365 2007 490 2077 corpus
516 2008 593 2059 sese
625 1987 775 2060 invicem
805 1986 927 2076 finire,
961 1986 1027 2057 dici
1054 1987 1185 2075 nequit.
1241 1986 1329 2058 Tum
1354 1987 1403 2077 id,
1433 1989 1528 2076 quod
1558 1989 1730 2078 sequitur,
1821 2025 1824 2030 ·

303 2126 419 2214 ipsurn
448 2145 519 2195 non
546 2123 847 2215 miuusiueptum
873 2128 938 2214 est,
966 2123 1034 2193 nisi
1059 2121 1103 2194 ad
1130 2124 1233 2194 inane
1261 2143 1386 2213 purum
1413 2122 1569 2194 referas:

476 2253 545 2318 Aur
565 2257 660 2318 etium
682 2254 877 2334 alterutrum,
900 2256 968 2319 utet
990 2257 1134 2346 terrrttuet
1156 2257 1297 2334 alerem,
1321 2275 1445 2336 eororam·

310 2417 390 2468 uam
415 2396 543 2488 iterum
567 2395 713 2467 habebis
737 2402 849 2488 totum
876 2397 1024 2484 spatium
1052 2397 1241 2467 terminare
1262 2415 1386 2492 corpus
1412 2403 1449 2467 et
1471 2417 1598 2488 corpus
1616 2403 1729 2470 toturn

310 2532 472 2622 spatium.
508 2531 620 2603 Vides
648 2532 937 2621 quemadmodum
955 2533 1059 2616 rebus
1078 2533 1226 2614 diversis
1250 2533 1345 2628 iuter
1372 2519 1409 2602 se
1422 2532 1656 2605 ‘confusis'illi
1676 2556 1728 2623 ea,

310 2689 399 2756 quae
424 2674 507 2757 apte
531 2673 636 2757 poeta
663 2669 885 2758 exposuerat,
913 2668 1178 2757 interpretando
1204 2669 1406 2740 everterint.

436 2802 571 2874 Verum
595 2823 666 2874 non
688 2805 790 2875 modo
817 2805 862 2895 ei,
895 2805 955 2892 qui
979 2802 1124 2893 Epicuri
1157 2793 1266 2873 verba
1297 2805 1517 2876 intercidisse
1545 2805 1728 2896 putabant,

310 2939 373 3010 sed
406 2939 511 3010 otiam
531 2940 606 3026 alii
637 2933 740 3012 aliam
776 2941 928 3028 ingressi
965 2940 1055 3010 viam
1091 2940 1240 3010 eundem
1281 2961 1437 3010 errorem
1471 2942 1728 3028 commiserunt.

309 3072 436 3163 Neque
463 3074 605 3167 Muurq
634 3076 789 3164 quamvis
817 3077 957 3164 egregie
992 3077 1034 3146 de
1066 3075 1331 3165 interpretando
1359 3081 1395 3146 et
1420 3075 1632 3147 illustrando
1659 3095 1730 3150 car·

208 3219 212 3280 J
310 3209 640 3292 mineLucretiano
671 3213 833 3302 meritus,
860 3220 1002 3308 'verum
1020 3213 1214 3303 perspexit,
1256 3232 1332 3284 curu
1366 3218 1402 3281 et
1432 3211 1508 3300 ipse
1542 3215 1728 3280 ulterutram
1770 3283 1774 3290 ,

267 3381 271 3392 ’
310 3347 356 3419 ud
382 3350 668 3438 totumspatium
699 3350 877 3438 pertinere
913 3348 1089 3440 censebat,
1123 3348 1207 3426 haec
1239 3346 1312 3418 fore
1344 3348 1511 3418 excidisse
1546 3347 1727 3436 opinatus:
1833 3392 1836 3400 ·

311 3485 378 3553 Sed
401 3485 539 3573 spatium
562 3509 662 3574 supro
686 3488 783 3553 docui
806 3488 872 3553 siue
893 3485 956 3574 fiac
977 3501 1086 3573 putere
1108 3494 1145 3556 et
1171 3507 1258 3577 quae
1278 3490 1460 3572 secunturg
1487 3484 1579 3571 quod
1605 3481 1729 3575 preba-

167 3671 172 3682 .
202 3600 205 3606 ¹
309 3619 382 3691 bile
410 3619 861 3710 esset,.'sivelhoc10c0
888 3622 930 3692 de
958 3621 1051 3702 omni
1079 3597 1190 3713 spatio
1219 3626 1383 3708 ageretur
1408 3620 1465 3690 vel
1493 3641 1599 3708 supra
1624 3621 1728 3690 inane
1802 3642 1805 3650 ·

263 3735 267 3746 ¹
309 3777 435 3846 purum
463 3757 549 3848 ,sine
566 3757 635 3826 fine
655 3755 790 3846 patere‘
816 3765 920 3859 poeta
946 3757 1130 3847 docuisset,
1157 3777 1303 3845 quoruru
1328 3735 1489 3826 neutrum
1507 3754 1635 3830 fectum
1661 3731 1727 3829 est.¹

309 3889 436 3980 Neque
477 3912 551 3966 cum
593 3879 870 3981 Stuerenburgio
910 3915 980 3964 uon
1022 3893 1308 3966 consentiendum
1346 3898 1416 3983 est,
1456 3893 1515 3981 qui
1549 3891 1584 3960 in
1624 3887 1727 3963 Actis

111 3993 123 4080 s
223 4105 226 4114 ,
309 4018 606 4102 Ritscheliit.'11
632 4051 665 4118 p.
688 4032 759 4100 415
790 3999 997 4102 incredibile
1031 4050 1108 4100 esse
1141 4029 1302 4100 adfirmat
1334 4050 1424 4120 ‚euru
1450 4028 1513 4098 illa
1539 4027 1582 4097 de
1614 4029 1728 4117 spatio

309 4163 448 4236 infinito
483 4159 783 4250 demonstratione
817 4167 979 4248 absoluta
1010 4166 1125 4264 denuo
1154 4159 1388 4256 quaesivisse,
1416 4164 1581 4253 quidaaru
1600 4159 1727 4254 ‘fieret

310 4301 341 4372 si
381 4301 531 4393 spatium
567 4301 723 4393 finitum,
759 4303 906 4374 materia
944 4303 1082 4372 in'liuita
1122 4303 1239 4384 essetf
1284 4287 1386 4374 'Sane
1422 4300 1486 4374 hou
1522 4297 1757 4376 Lucretium'
