4002 5238
280 311 324 376 '22

205 581 208 587 ¹
290 508 351 568 aut
375 516 518 569 vacuum
541 503 603 568 aut
629 516 777 588 corpora
802 517 880 568 esse
910 485 1133 569 manifestum
1164 498 1248 590 fiat3
1282 500 1374 571 unde
1399 505 1602 572 secuturum
1634 479 1712 571 esse
1762 515 1767 520 ·
1837 529 1840 538 ¹

273 609 363 732 ‘non
390 656 411 705 a
436 633 564 706 finibus
583 620 692 703 telum
719 630 912 740 profectum
938 652 1028 725 esse,
1054 633 1263 724 ubicumque
1289 634 1369 705 illos
1388 636 1567 725 posuerim
1592 635 1711 724 itaque

290 793 382 842 omae
414 784 557 862 exempto
585 771 647 862 fiae
677 783 781 860 potere
810 768 1065 842 concedendum
1100 791 1189 842 esse.
1249 769 1362 842 Vides
1390 755 1587 844 discrimine
1613 769 1712 843 nullo

291 902 383 978 facto
411 905 454 976 de
482 904 576 978 omni
603 905 717 1000 spatio
739 910 776 976 ιι
800 905 895 978 omni
921 925 1000 976 eum
1025 905 1154 978 dicere.
1192 903 1321 978 Itidem
1346 908 1452 980 tertio
1476 907 1553 980 loco
1575 906 1713 998 spatium

292 1044 435 1112 sammai
459 1043 554 1110 torius
575 1065 665 1109 omae
689 1041 909 1116 tractandum
938 1041 1132 1132 proposuit,
1157 1048 1428 1136 emanantem,
1453 1043 1514 1132 qui
1534 1047 1571 1114 ιι
1588 1059 1712 1135 corpus

292 1186 335 1253 et
352 1179 508 1269 ¹spatium
534 1147 664 1284 tinibus
690 1177 862 1284 inclusum
892 1199 970 1250 esse
996 1184 1227 1268 putaverant,
1254 1181 1463 1252 senteutiam
1492 1179 1541 1253 sic
1569 1177 1713 1268 refellit,

291 1320 331 1387 ιιι
363 1317 491 1386 intra
528 1314 678 1404 spatium
712 1312 848 1384 finitum
888 1315 1068 1386 materiem
1099 1313 1234 1387 finitam
1268 1314 1366 1408 velut
1396 1315 1548 1388 inertem
1584 1316 1712 1387 molem

253 1423 257 1432 Δ
292 1452 475 1524 ιιιιιιιιιιιι
505 1468 583 1521 esse
616 1456 829 1540 exponerem
862 1465 982 1522 eornm
1009 1455 1144 1544 autom,
1175 1451 1235 1540 qui
1261 1452 1375 1524 solum
1398 1452 1548 1542 spatium
1575 1451 1713 1524 finitum

293 1609 373 1658 asse
397 1585 576 1675 volebant,
604 1586 801 1676 opinionem
827 1607 897 1659 non
917 1585 1046 1675 attigit.
1089 1587 1224 1676 Quarto
1244 1588 1393 1677 denique
1413 1588 1490 1663 loco
1508 1589 1601 1660 idem
1619 1589 1713 1679 quod
1809 1677 1813 1686 .

293 1723 405 1816 primo
429 1722 512 1812 legi.
527 1743 635 1816 supra
662 1722 909 1794 demonstravi.

385 1901 389 1908 ·
420 1857 494 1929 Iam
522 1879 605 1929 vero
634 1857 676 1928 de
703 1845 777 1929 sol'o
804 1858 918 1948 spatio
943 1857 1004 1930 ubi
1022 1857 1267 1949 disputaverit,
1291 1880 1431 1949 quaero.
1475 1857 1601 1950 Neque
1619 1861 1713 1932 euim

294 1994 490 2086 disputavit
515 1994 560 2066 de
587 2015 629 2066 eo
656 1989 1032 2082 neque'necessarium
1060 1995 1097 2064 id
1119 1992 1226 2066 fuisse
1261 2017 1303 2066 ex
1335 1995 1445 2086 ipsius
1472 1997 1609 2069 ratione
1635 2017 1714 2087 per-

294 2132 449 2226 spicitur.
518 2127 611 2206 Nam
642 2151 742 2202 omne
776 2137 813 2201 ιι
845 2131 996 2219 spatium
1030 2131 1230 2203 uuiversum
1255 2152 1452 2221 quanquam
1479 2137 1606 2204 ιιιιιιιι
1623 2139 1713 2208 ,suut

293 2269 451 2359 diversa,
483 2261 601 2339 tamen
633 2267 800 2338 ambitum
834 2266 966 2338 habent
992 2267 1159 2357 eundem,
1190 2255 1262 2338 sire
1286 2266 1423 2338 finitum
1449 2289 1528 2339 eum
1553 2269 1626 2372 sive
1651 2269 1714 2339 im·

293 2421 451 2484 mensum
479 2426 557 2476 esse
581 2395 727 2496 statuis3
759 2425 862 2493 quam
889 2403 933 2475 ob
957 2423 1031 2476 rem
1058 2404 1088 2474 si
1115 2403 1158 2474 de
1182 2404 1421 2493 magnitudine
1448 2403 1505 2475 vel
1529 2405 1713 2492 utriusque

219 2613 222 2618 ι
293 2541 579 2618 velelterutrius
606 2539 768 2628 quaestio
796 2539 959 2610 instituta
985 2547 1057 2630 est,
1088 2540 1183 2614 iuter
1215 2561 1256 2610 ea
1282 2540 1498 2629 distinguere
1523 2543 1559 2612 et
1584 2541 1712 2611 inutile

234 2707 236 2712 ·
294 2685 330 2748 ιι
346 2677 542 2750 ,molestum
566 2683 631 2746 est.
687 2653 792 2767 Quod
815 2675 933 2765 paucis
961 2676 1149 2765 explanare
1172 2675 1293 2747 liceat:
1322 2675 1522 2746 universum
1557 2677 1712 2766 spatium

224 2879 226 2884 .
291 2813 452 2918 bifariam
487 2814 634 2892 divisum
664 2818 737 2903 est,
765 2832 842 2884 oum
869 2811 983 2882 altera
1007 2831 1088 2904 pers
1114 2811 1231 2901 plene,
1259 2810 1371 2881 altera
1395 2795 1508 2882 vacua
1526 2783 1590 2902 sit3
1616 2833 1712 2900 quae

291 2951 398 3041 plena
427 2955 500 3040 est,
537 2971 580 3054 ea
606 2971 627 3019 a
653 2938 857 3040 corporibus
884 2953 1090 3037 occupatum
1122 2964 1267 3034 corpora
1290 2951 1406 3016 autem
1432 2953 1468 3017 et
1494 2953 1607 3017 totum
1633 2968 1712 3038 spa·

227 3145 230 3156 .
292 3088 380 3160 tium
399 3113 403 3120 ·
419 3087 601 3160 coniuncta
642 3085 678 3156 id
712 3086 829 3175 ipsum·
864 3083 957 3173 quod
987 3104 1087 3154 omne
1128 3080 1254 3152 dicitur
1289 3067 1453 3150 efficiunt.
1510 3081 1584 3152 Iam
1615 3104 1713 3173 vero,

295 3223 458 3311 quoniam
485 3241 633 3316 corpora
657 3228 694 3292 et
720 3222 797 3294 loca
821 3221 871 3292 eis
895 3219 1010 3310 replet
1012 3239 1033 3288 ι
995 3218 1184 3290 teisdem
1208 3216 1336 3286 finibus
1356 3216 1591 3308 eontinentur
1611 3240 1713 3290 omne

288 3378 408 3447 ⁴neque
436 3358 547 3428 maius
575 3379 689 3446 neque
717 3357 831 3428 miuus
858 3377 934 3426 esse
962 3359 1128 3444 quemto
1109 3358 1203 3422 otum
1222 3323 1372 3440 spatium
1396 3358 1458 3440 pot
1459 3358 1530 3442 ιιι·
1557 3353 1713 3452 etinter
1826 3385 1830 3393 ·

294 3495 476 3582 utriusque
496 3495 633 3582 magnit
618 3493 774 3565 tudinem
795 3489 955 3579 aliquid
946 3511 982 3560 ιιι
985 3495 1116 3560 teresse
1136 3488 1168 3558 ei
1186 3487 1251 3558 soii
1270 3485 1403 3557 videbit
1389 3493 1459 3574 ιιιι
1485 3488 1547 3573 qui
1565 3501 1715 3579 corpore
1752 3486 1755 3495 '

281 3631 452 3719 maiora·
462 3629 539 3700 e'ese
572 3649 674 3719 quam
699 3627 778 3702 loca
803 3629 854 3698 eis
880 3625 1017 3716 repleta
980 3624 1111 3696 tsibi
1137 3622 1361 3748 persuaserit.
1435 3621 1534 3710 Quae
1558 3641 1636 3694 cum
1661 3626 1713 3696 ιιι
1742 3637 1744 3642 ·
1810 3669 1815 3682 ·
1843 3675 1846 3684 .

296 3767 368 3838 sint
352 3749 604 3857 tLucretium
623 3764 667 3835 de
685 3765 789 3856 spatii
813 3762 946 3834 ambitu
970 3765 1110 3858 separat
1111 3759 1156 3828 im
1183 3739 1252 3828 non
1276 3755 1482 3826 disseruisse
1509 3760 1712 3846 neutiquam

294 3902 420 3974 mirum
448 3909 512 3974 est.
595 3963 596 3966 ,
705 3953 708 3960 ,

421 4036 546 4127 Neque
572 4058 656 4109 vero
682 4037 821 4110 nescius
852 4055 927 4138 eum
958 3995 1109 4144 Epicuro
1136 4028 1199 4098 hoc
1225 4023 1459 4096 necessarium
1482 4023 1594 4094 visum
1621 4048 1712 4116 essa

175 4265 177 4270 Ι
295 4176 356 4293 qui
374 4176 467 4266 apud
479 4173 712 4302 Diogenemi.
730 4171 767 4244 X
786 4191 814 4245 c.
834 4171 880 4240 41
896 4189 946 4256 sq.
963 4165 1110 4257 primum
1125 4179 1225 4231 omne
1238 4157 1441 4226 immensum
1457 4157 1534 4225 esse
1550 4176 1603 4250 eo,
1618 4163 1712 4248 quod

295 4287 400 4384 etiam
435 4309 589 4384 Lueret'
551 4319 593 4382 tu
624 4295 774 4402 primum
813 4285 890 4396 est,
928 4303 1135 4390 argumento
1167 4276 1711 4385 probavit·tum(utalteru1n
