4002 5238
1627 353 1634 370 .
1753 316 1786 366 15

364 510 465 578 quem
492 510 536 560 ex
553 487 713 577 vulnere
742 493 777 558 et
794 487 903 579 tigna,
926 508 1016 577 quae
1036 509 1078 558 ox
1098 505 1188 576 aqna
1208 508 1347 559 sursum
1366 487 1452 560 ferri
1470 489 1641 581 videmus⁷
1667 455 1786 562 tamen

362 646 427 716 per
452 627 546 694 inane
568 647 701 694 vacnum
727 625 890 695 deorsum
916 621 1003 695 iorni
1025 624 1223 700 contendit:

537 806 607 890 Neo
627 813 732 872 tantem
752 805 836 886 haee,
859 811 1012 888 quantum
1032 812 1080 870 est
1101 808 1136 871 in
1158 827 1200 886 se,
1224 807 1412 884 dictitamus
1435 809 1555 888 opem,

540 926 625 1007 Quin
643 947 776 991 eorunm
791 927 970 1006 perinane
992 925 1139 991 deorsum
1160 931 1271 991 cuncto
1284 924 1457 1009 ferantur,¹

361 1083 520 1191 namque
545 1123 587 1172 ea
620 1101 712 1189 quod
744 1097 894 1191 faciunt,
930 1120 999 1172 non
1034 1122 1098 1171 sua
1130 1101 1165 1172 vi
1192 1100 1323 1175 faeere·
1342 1107 1508 1193 possunt,
1536 1103 1599 1174 sed
1630 1103 1674 1174 ab
1707 1103 1787 1175 aliis

362 1211 485 1330 pressa
509 1257 548 1312 ac
571 1237 693 1328 pulsa3
719 1236 784 1307 hoc
801 1240 919 1306 antem
937 1234 1015 1305 fieri
1033 1237 1166 1328 nequit,
1194 1238 1225 1308 si
1251 1259 1315 1328 per
1336 1239 1499 1327 regiones
1525 1217 1725 1326 versantur,
1750 1241 1800 1316 in,
1899 1329 1906 1344 ·

362 1372 500 1465 quibus,
527 1373 621 1463 quod
644 1393 805 1464 premere
832 1391 871 1446 ac
891 1372 1028 1462 pellere
1047 1376 1168 1466 possit
1188 1398 1258 1447 non
1276 1377 1372 1448 insit.
1422 1375 1661 1468 Opponuntur
1677 1378 1788 1466 igitur

362 1510 490 1581 sibiet
515 1510 579 1580 hoc
605 1508 681 1580 loco
709 1514 745 1579 et
771 1508 822 1578 eis
849 1528 938 1596 quos
963 1509 1090 1598 excipit
1115 1531 1169 1601 oa,
1194 1532 1283 1599 quae
1310 1533 1374 1602 per
1398 1491 1494 1596 irione
1513 1535 1646 1606 purum,
1672 1519 1708 1586 et
1732 1534 1786 1605 ea,

362 1667 450 1734 quae
476 1667 541 1736 per
567 1646 718 1735 spatium
745 1666 788 1715 ox
813 1651 914 1735 parte
947 1617 1094 1716 materia
1117 1645 1289 1736 repletum
1316 1653 1512 1719 moventur.

1026 2489 1114 2604 ΠΙ.

779 2785 827 2913 iio
854 2831 966 2914 omnis
994 2830 1102 2936 spatii
1129 2830 1379 2936 magnitudine.

487 3073 539 3146 At
556 3097 653 3164 vero,
673 3095 761 3163 qnae
781 3075 817 3144 in
830 3071 934 3142 'oacrio
953 3074 1047 3141 iorni
1061 3055 1197 3144 uersari
1215 3067 1401 3166 nega'ntun
1417 3075 1538 3146 eadem
1554 3096 1619 3165 per
1636 3099 1790 3164 magnum

366 3212 423 3282 vel
446 3213 647 3302 profondum
666 3212 760 3279 inune
781 3212 834 3281 ire
860 3211 1032 3282 dicuntur.
1088 3209 1192 3300 Quod
1217 3231 1300 3283 cave
1324 3233 1368 3282 ne
1387 3212 1542 3282 rationes
1563 3232 1670 3302 supro
1688 3234 1792 3304 expo

367 3348 454 3419 sitas
473 3354 631 3420 evertere
652 3353 798 3418 statuae.
832 3344 925 3418 Nam
943 3364 1018 3418 cum
1036 3347 1187 3436 spatium
1206 3351 1317 3416 totum
1337 3367 1406 3418 non
1426 3347 1540 3419 minus
1558 3349 1654 3432 inane
1673 3349 1792 3439 appel-

366 3483 435 3553 lari
453 3488 587 3555 constet
615 3504 716 3572 quam
744 3483 819 3553 eiu's
846 3489 998 3574 partem,
1028 3503 1116 3571 quae
1143 3481 1285 3572 proprie
1312 3481 1407 3549 inane
1430 3506 1564 3551 vamum
1591 3483 1647 3554 vol
1670 3506 1791 3575 purum

367 3619 506 3710 (licitur,
533 3619 621 3689 nihil
647 3618 776 3706 obstat,
803 3618 987 3707 quominus
1006 3614 1210 3688 universum
1233 3616 1333 3687 illud
1352 3585 1515 3709 spatium,
1541 3618 1578 3687 in
1607 3640 1675 3709 quo
1701 3619 1791 3690 fiunt

366 3772 603 3842 quaecumque
637 3753 746 3846 fiunt,
775 3754 874 3827 cuius
906 3761 1025 3846 partes
1058 3757 1141 3825 sunt
1168 3752 1246 3825 loen
1272 3753 1388 3824 omnia
1406 3759 1450 3824 et
1475 3754 1582 3843 plena
1609 3761 1645 3825 et
1669 3775 1790 3846 vacua,

367 3913 518 3980 magnum
543 3891 601 3962 vel
632 3893 833 3983 profondum
859 3894 954 3961 inane
991 3897 1144 3962 vocetur.
1210 3888 1283 3959 Per
1307 3889 1372 3962 hoc
1399 3895 1516 3959 nutem
1543 3895 1728 3960 moventur
1754 3898 1791 3960 et

366 4031 462 4098 totus
494 4028 548 4100 hic
571 4028 721 4100 mundus
749 4034 785 4101 et
811 4049 899 4118 quae
925 4029 963 4098 in
996 4048 1037 4098 eo
1068 4023 1207 4117 insunt,
1234 4023 1372 4096 etiamsi
1397 4046 1463 4115 per
1486 4046 1524 4096 se
1548 4025 1680 4114 ipsein
1705 4029 1789 4094 atre

367 4161 424 4231 vel
457 4165 550 4256 aqua·
576 4172 774 4236 versantur.
841 4163 894 4239 Ut
918 4163 943 4235 l.
968 4162 1005 4234 Π
1034 4185 1068 4233 v.
1096 4161 1170 4232 105
1199 4162 1335 4250 parvola
1375 4158 1482 4250 (quod
1515 4159 1611 4231 olim·
1631 4157 1789 4256 conieci),

353 4299 457 4385 'quae
479 4321 632 4389 magnum
650 4324 709 4391 per
730 4303 827 4370 inane
854 4306 1039 4391 vagentur,
1068 4299 1152 4372 dicit
1178 4304 1294 4368 aerem
1317 4304 1353 4368 et
1380 4297 1464 4368 solis
1489 4297 1622 4368 lumina
1637 4295 1789 4387 efficere,
