4002 5238
305 295 339 346 12

306 467 464 559 proferes
497 469 681 562 ridiculam
713 471 792 544 aliis
825 473 863 543 id
898 494 968 544 non
994 474 1095 545 modo
1121 475 1264 565 putidae
1292 481 1387 548 esset
1420 477 1638 572 diligentiae,
1672 477 1736 550 sed

306 605 441 677 ratione
468 611 614 678 careret.

434 741 489 815 Ac
507 742 637 833 prioris
657 744 797 832 generis
815 745 953 834 insigne
973 745 1169 836 exemplum
1187 747 1361 836 praebent
1382 748 1406 819 l.
1423 747 1442 819 I
1460 771 1514 822 vv.
1533 749 1734 822 utu-1121

309 885 345 950 et
370 879 590 950 426-429:

469 1043 596 1117 ,Omnis
618 1050 654 1108 ot
675 1051 722 1110 est
742 1047 842 1129 opiter
856 1067 919 1127 per
940 1068 974 1112 se
996 1053 1114 1113 notura
1135 1049 1257 1114 daubus

487 1162 635 1230 Gorastitc't
655 1165 691 1229 iu
713 1165 824 1230 rebus:
844 1185 919 1228 aaut
941 1186 1070 1246 corpora
1091 1171 1167 1230 saut
1187 1172 1217 1230 et
1237 1168 1343 1247 ianae,

383 1353 387 1362 ,
481 1279 629 1349 Haecin
649 1305 708 1366 pao
728 1287 795 1350 sita
816 1261 891 1349 saar
911 1289 941 1348 et
961 1307 1024 1368 pao
1046 1286 1173 1350 diuersa
1193 1291 1362 1350 moueatur.
1407 1299 1413 1312 ·

304 1456 379 1529 Iam
412 1459 587 1530 neminem
620 1459 748 1530 latebit
779 1460 833 1550 id,
857 1463 904 1528 ab
935 1485 999 1551 qao
1027 1461 1089 1528 sica
1113 1475 1188 1528 suat
1212 1479 1374 1551 corpora,
1409 1482 1478 1532 nou
1514 1481 1594 1542 esse
1626 1461 1734 1532 inane

307 1615 453 1685 purum,
490 1595 652 1684 quoniam
685 1595 836 1684 aliquam
872 1597 947 1667 eius
982 1603 1118 1686 partem
1146 1615 1294 1687 corpora
1319 1596 1498 1688 obtinent3
1531 1617 1645 1686 neque
1668 1596 1735 1669 hoc

307 1731 391 1821 agit,
419 1737 459 1802 ut
485 1734 571 1800 iutro
593 1730 682 1801 iliud
705 1731 887 1801 materiam
912 1733 1060 1824 positam
1088 1732 1145 1803 vel
1172 1733 1215 1802 ab
1243 1754 1284 1803 eo
1312 1733 1459 1812 cinctam
1478 1754 1557 1804 esse
1578 1741 1735 1826 moneat,

306 1869 370 1939 sed
399 1868 442 1941 de
477 1873 551 1939 toto
573 1868 687 1957 spatio
714 1868 809 1956 dicit⁷
838 1869 874 1938 in
898 1890 966 1957 quo
992 1888 1142 1958 corpora
1168 1872 1229 1937 sica
1255 1892 1319 1936 essa
1355 1870 1405 1955 (et
1438 1870 1563 1984 diverso
1597 1873 1734 1963 moueri)
1815 1863 1819 1870 ’

307 2025 429 2074 verum
455 2009 520 2074 est.
582 2003 684 2094 Quod
709 2005 739 2074 si
769 2006 846 2093 quis
880 2023 953 2076 cum
988 2007 1085 2075 inani
1116 2028 1204 2096 puro
1238 2003 1453 2092 confuderit,
1487 2007 1523 2076 in
1561 2008 1611 2077 eis
1644 1989 1746 2097 quae*
1778 2067 1783 2080 .

309 2146 475 2212 secuntur
494 2141 567 2231 fiet,
593 2147 633 2212 ut
659 2142 860 2232 turpissime
887 2139 1075 2214 Lucretius
1099 2144 1167 2214 sibi
1190 2143 1426 2216 contradicere
1452 2142 1631 2214 videatur:

484 2322 566 2386 Tam
580 2344 679 2404 porro
702 2325 785 2388 beas
806 2345 844 2388 ue
864 2325 1005 2405 spatium
1025 2326 1107 2406 quod
1125 2327 1222 2390 imaue
1242 2346 1388 2390 coeamus

482 2441 521 2507 sa·
541 2443 664 2508 auidam
678 2442 775 2526 foret,
797 2444 885 2508 baud
904 2465 1038 2527 usquam
1058 2447 1122 2509 situ
1145 2464 1274 2524 corpora
1288 2449 1422 2526 possent

482 2559 565 2627 Esse
585 2583 682 2645 aeque
703 2563 828 2627 omuino
848 2564 1153 2648 pauperamdiuersa
1172 2583 1285 2626 meare.

306 2735 388 2826 Ipse
421 2737 489 2808 sibi
522 2737 760 2810 contradicere
792 2738 951 2828 videtur,
984 2759 1064 2808 nem
1101 2758 1206 2826 supra
1224 2719 1293 2807 'vu
1323 2738 1395 2808 329
1423 2757 1489 2827 sq.⁷
1526 2737 1596 2807 nisi
1621 2737 1727 2807 inane

307 2879 413 2962 esset,
440 2872 514 2944 fore
543 2874 796 2966 pronuntiavit,
823 2881 863 2944 ut
884 2875 1001 2964 omnia
1027 2898 1177 2964 corporeo
1204 2887 1322 2940 acturo
1347 2876 1476 2964 stipatu,
1503 2875 1612 2941 omnio
1637 2875 1733 2962 pleae

307 3003 353 3104 (v.
376 3009 462 3100 376)
488 3016 626 3100 essent3
653 3011 758 3081 etiam
785 3010 858 3099 alii,
886 3031 971 3098 quos
998 3010 1112 3100 attuli,
1141 3010 1209 3083 loci
1226 3008 1437 3099 inspiciendi
1461 3016 1554 3099 sunt,
1583 3009 1731 3079 maxime

307 3165 391 3216 vero
417 3167 472 3216 vv.
502 3146 575 3216 660
600 3167 669 3234 sq.:
764 3169 766 3176 ⁴

485 3309 607 3375 Omnia.
620 3311 746 3376 denseri
760 3311 895 3395 flerique
917 3331 956 3375 eea
976 3311 1118 3376 omuibus
1142 3329 1243 3374 unum
1331 3381 1334 3386 ¹

490 3428 620 3511 Corpus.

207 3653 210 3660 -
310 3604 447 3676 Alteris
470 3607 579 3694 igitur
597 3606 682 3676 locis
707 3606 782 3675 sine
805 3604 902 3675 inani
923 3602 999 3674 fore
1017 3579 1110 3694 dicit,
1129 3610 1168 3674 ut
1187 3604 1315 3692 ubique
1334 3603 1405 3674 sint
1422 3621 1579 3694 corpora.
1600 3602 1734 3692 alteris,

309 3746 350 3811 ut
368 3762 550 3829 nusquam.
592 3740 729 3830 Quibus
747 3739 932 3810 sententiis
952 3760 1122 3827 quaenam
1138 3741 1248 3830 magis
1267 3741 1362 3810 inter
1380 3761 1417 3809 se
1436 3741 1631 3810 contrariae
1652 3739 1735 3827 sint.

309 3899 380 3947 non
414 3877 572 3967 dispicio.
641 3876 775 3946 'l'amen
810 3881 905 3948 recte
939 3876 1107 3946 sehabet
1140 3882 1308 3966 utraque,
1340 3875 1502 3962 quoniam
1544 3875 1586 3944 de
1627 3874 1734 3944 rebus

313 4013 462 4084 diversis
490 4012 622 4100 agitur:
649 4011 679 4080 si
709 4009 860 4100 spatium
888 4012 1028 4082 omnino
1058 4029 1158 4081 omne
1184 4012 1338 4099 deesset,
1371 4010 1445 4080 sine
1470 4010 1578 4080 dubio
1605 4031 1649 4080 ne
1677 4030 1735 4080 res

311 4148 451 4238 quidem
479 4148 663 4236 habereut,
692 4146 752 4215 ubi
780 4153 872 4217 stare
892 4152 1059 4239 possent3
1084 4148 1114 4216 si
1136 4148 1240 4217 inane
1258 4169 1385 4238 purum
1406 4168 1475 4216 uon
1495 4147 1600 4236 esset,
1620 4147 1737 4217 omnia

310 4285 419 4356 nullis
441 4284 643 4356 intervallis
669 4283 970 4357 intercedentibus
997 4306 1103 4354 unum
1129 4304 1253 4374 corpus
1279 4283 1467 4356 efficerent.
1513 4280 1566 4355 Ac
1587 4283 1736 4372 scriptor
