4002 5238
1745 361 1780 414 29

1119 530 1159 630 2)
1186 529 1274 629 (Iam
1309 558 1399 603 omne
1424 534 1571 624 epatium
1604 535 1778 608 infinitum

1187 692 1266 742 esse
1293 676 1391 742 ronst
1413 665 1455 766 t.)

1062 841 1065 907 Ι
1187 838 1225 938 u)
1250 837 1300 912 Et
1324 863 1438 930 corpus
1468 847 1505 911 et
1536 842 1632 909 iooue
1660 863 1779 931 peruror

1254 976 1428 1047 infinitum
1453 997 1530 1048 esse
1557 977 1738 1068 probatur.

1187 1144 1224 1244 b)
1252 1148 1374 1239 Corpus
1397 1147 1586 1239 infinitum,
1611 1150 1705 1216 ioooe
1719 1171 1780 1239 pu·

1221 1305 1224 1312 ’
1253 1307 1325 1352 rom
1338 1285 1475 1356 finitum
1493 1304 1570 1356 esse
1592 1281 1777 1378 refellitur.

1255 1416 1367 1516 (Haec
1385 1415 1667 1515 interciderunt.)
1850 1389 1852 1394 Ι

354 1590 393 1680 2)
424 1589 524 1658 omne
540 1591 680 1678 spacium
698 1590 887 1682 infinitum,
905 1615 1016 1684 corpur
1191 1586 1226 1686 c)
1252 1593 1354 1660 Inone
1369 1614 1489 1681 purum
1503 1591 1690 1682 infinitum,
1711 1613 1780 1658 cor·

427 1726 564 1798 finitum
592 1747 669 1797 esse
696 1723 883 1798 refellitur.
1252 1751 1311 1818 pus
1330 1727 1466 1798 finitum
1491 1748 1566 1798 esse
1589 1724 1777 1798 refellitur.

355 1890 395 1992 3)
429 1896 530 1965 Omne
556 1897 695 1987 spatium
718 1896 874 1986 finitum,
902 1920 1016 1987 corpus

427 2030 602 2103 infinitum
628 2051 705 2103 esse
729 2027 914 2104 refellitur.

866 2375 1271 2384 wm—

908 2720 1106 2852 ‚Iu

485 3065 589 3156 Quod
626 3086 732 3159 supro
762 3085 797 3156 p.
829 3065 930 3160 8,(16
969 3066 1100 3134 alternis
1139 3067 1299 3140 vocabuli
1330 3043 1403 3138 ¹usu
1442 3067 1656 3142 Lucretiono
1696 3069 1780 3161 dixi,

358 3203 395 3275 id
421 3202 593 3292 exemplis
620 3202 891 3274 confirmandum
923 3208 987 3274 est.
1048 3201 1152 3292 Quod
1185 3203 1331 3276 verbum
1358 3204 1567 3293 ubicumque
1594 3206 1688 3297 opud
1710 3204 1780 3276 Lu-

358 3338 506 3412 cretium
531 3338 682 3429 legitur,
708 3338 758 3410 ibi
782 3339 827 3410 ad
852 3359 928 3429 res,
956 3337 999 3409 de
1027 3337 1154 3426 quibus
1181 3338 1311 3431 egitur,
1335 3360 1457 3412 omnes
1483 3341 1619 3430 pariter
1647 3346 1781 3432 spectat

357 3477 426 3568 ite,
461 3481 502 3548 ut
538 3480 601 3548 aut
638 3475 683 3546 ed
720 3494 998 3564 unamquamque
1029 3474 1165 3545 autad
1199 3495 1319 3547 earum
1351 3496 1521 3548 summum
1557 3475 1781 3550 referendum

358 3612 416 3686 sit.
477 3609 597 3700 Atque
639 3610 729 3682 illud
767 3608 894 3683 fectum
926 3615 981 3681 est
1012 3610 1038 3682 l.
1064 3611 1081 3680 Ι
1105 3632 1160 3684 vv.
1190 3609 1264 3684 767
1287 3632 1359 3704 sq.3
1396 3613 1420 3706 l,
1445 3611 1579 3686 1va.
1611 3612 1683 3684 372
1708 3634 1780 3704 sq.3

357 3749 383 3820 l.
410 3747 464 3822 Vl
490 3768 545 3826 vv.
574 3747 648 3818 568
674 3767 745 3834 sq.:
760 3793 763 3800 ,
778 3751 945 3835 quattuor
969 3744 1193 3837 Empedoclis
1219 3747 1396 3820 elemento

396 3965 425 4046 I,
449 3965 510 4031 767
532 3961 679 4029 Alternis
701 3963 875 4046 oiyuuotur
895 3963 979 4027 enim
1000 3967 1180 4045 mutantque
1201 3963 1331 4028 colorem

530 4082 577 4146 Et
598 4087 693 4147 totam
714 4083 799 4147 iuter
820 4101 855 4146 se
876 4086 1026 4146 oraturum
1047 4086 1180 4162 tempore
1202 4081 1241 4146 ab
1262 4083 1356 4147 omui.

358 4253 425 4334 HI,
449 4256 511 4320 372
537 4251 687 4346 Corporis
709 4257 799 4336 atque
820 4253 924 4317 animi
940 4250 1128 4333 primordia,
1150 4252 1278 4336 εἰωθυῖα
1293 4253 1402 4334 priuis
1482 4268 1485 4276 ·

535 4372 703 4456 Adposo'fo,
727 4373 860 4439 alteruis
880 4372 1008 4437 variare
1030 4391 1068 4437 ur
1086 4377 1206 4437 uertere
1227 4371 1375 4438 moero.

1522 4523 1556 4576 4*
