4002 5238
1746 317 1781 368 17

351 505 439 573 quae
472 483 556 556 locis
587 439 694 575 supra
725 484 842 556 allatis
870 486 1053 577 leguntur,
1082 453 1185 559 nemu
1213 489 1421 579 scriptorem
1447 490 1515 561 sibi
1541 492 1779 564 contradicere
1880 559 1887 578 ,

351 620 607 711 suspicabitur,
644 599 743 710 qued
763 640 909 711 corpora
933 645 995 713 per
1024 645 1177 712 iuuenum
1219 625 1315 692 inane
1349 625 1401 694 ire
1438 624 1589 717 primum
1621 625 1780 696 adfirma-

353 758 453 848 verit
480 763 555 828 tum
580 758 780 849 negaverim
812 779 892 829 nam
924 759 960 828 id
996 759 1100 847 quud,
1131 760 1161 830 si
1192 781 1249 830 res
1277 761 1382 832 aliter
1409 783 1446 832 se
1472 761 1647 834 haberent
1674 769 1780 853 atque

351 913 388 964 se
415 889 560 984 habent,
591 890 748 963 futurum
781 913 858 964 esse
896 894 1000 984 dicit2
1032 916 1102 964 non
1135 895 1171 964 in
1205 895 1261 965 his
1294 896 1407 986 inest‚
1442 898 1567 970 sedin
1595 899 1659 990 eis,
1687 919 1776 988 quae

350 1029 533 1120 accedunt,
561 1028 700 1100 verbis:
730 1031 872 1118 dispulsa
895 1053 953 1097 seru
987 1032 1023 1098 de
1049 1045 1135 1098 coetu
1160 1031 1276 1122 reluta,
1299 1033 1474 1128 diffuya'ant
1497 1035 1603 1102 soluta
1627 1039 1664 1106 et
1689 1055 1778 1124 quae

353 1173 437 1238 sunt
463 1167 601 1237 similia.
654 1164 753 1240 Haec
779 1187 862 1237 vere
890 1167 920 1237 si
945 1166 1085 1258 fierent
1109 1170 1186 1237 tum
1209 1167 1349 1239 demum
1367 1169 1561 1258 primordia
1584 1171 1701 1242 omnia
1726 1174 1779 1243 eis

349 1303 450 1392 paria
476 1309 606 1393 essent,
634 1303 829 1391 dequibus
858 1303 945 1374 dixit
970 1304 994 1373 l.
1022 1301 1059 1374 ΙΙ
1086 1326 1140 1375 vv.
1168 1277 1389 1376 lue-111}
1708 1287 1711 1296 ’

519 1465 685 1549 Multaque
700 1473 870 1549 praeterea
890 1489 1040 1550 munuum
1054 1489 1118 1549 per
1141 1471 1237 1534 inune
1259 1475 1425 1552 vacuetur,

526 1585 677 1652 Oenellle's
698 1607 903 1670 rerumquae
924 1593 1000 1652 suut
1021 1589 1138 1653 relecta
1158 1608 1215 1652 uec
1235 1608 1370 1669 usquam

530 1705 716 1772 Gortsoelure
738 1708 954 1800 ellumemtus
968 1711 1100 1786 potuere
1122 1713 1254 1788 receptu.

476 1898 578 1989 Tum
604 1897 697 1986 quud
722 1897 830 1969 semel
859 1898 1000 1987 scripsit
1023 1899 1059 1968 iu
1086 1897 1332 1990 1.1v.1102,
1360 1901 1511 1967 desertum
1534 1900 1672 1990 spacium
1696 1905 1778 1989 apte

350 2035 393 2106 de
422 2055 463 2105 eo
490 2034 628 2126 dicitur,
661 2034 754 2122 quod
787 2011 865 2107 cum
900 2034 982 2104 elim
1016 2054 1134 2104 rerum
1168 2036 1267 2128 copia
1299 2041 1337 2107 et
1361 2034 1539 2107 uberrima
1562 2042 1596 2105 et
1620 2035 1781 2126 pulcher·

349 2172 439 2242 rima
460 2171 632 2261 floruerit,
659 2170 902 2258 relliquiarum
928 2169 1017 2239 nihil
1043 2177 1189 2262 praeter
1212 2173 1393 2262 primordia
1420 2195 1511 2240 caeca
1535 2171 1681 2243 habeat:
1798 2247 1802 2254 ,

525 2351 689 2432 Temporis
709 2355 745 2414 ut
759 2355 877 2450 peraeto
899 2352 947 2415 all
967 2357 1065 2416 exstet
1085 2353 1292 2433 reliquiarum

522 2467 693 2533 Desertum
708 2473 839 2549 praeter
859 2471 999 2549 spetlum
1021 2475 1050 2534 et
1065 2472 1248 2551 primordie
1269 2492 1371 2537 euecu.

353 2657 425 2730 Sed
463 2661 630 2750 multiplea
670 2662 734 2728 loci
761 2663 914 2752 specium
950 2661 1194 2729 immemorabile
1226 2663 1365 2751 spatium
1397 2659 1498 2753 (1.ss
1530 2685 1562 2734 V.
1589 2664 1684 2755 1633
1708 2663 1776 2756 IV,

355 2797 450 2886 2053
475 2794 542 2887 lv,
565 2798 660 2889 1913
684 2795 747 2889 Ἦ,
777 2793 864 2892 488)
895 2797 1007 2868 sciens
1040 2798 1174 2885 emitto,
1210 2798 1374 2886 queniam
1407 2798 1452 2870 ad
1488 2800 1565 2869 viee
1600 2800 1782 2888 ingentem

355 2953 469 3020 neque
494 2955 576 3005 vere
602 2934 775 3005 infinitam
800 2935 1055 3023 longitudinem
1081 2934 1190 3023 magis
1214 2955 1316 3023 quam
1339 2935 1385 3005 ad
1402 2935 1605 3005 universum
1627 2937 1781 3026 spatium

355 3069 534 3157 pertinere
561 3070 735 3141 videntur.
788 3069 911 3158 Itaque
935 3072 1177 3177 corrigendum
1205 3078 1271 3160 est,
1298 3071 1391 3159 quod
1410 3072 1449 3142 in
1471 3069 1660 3144 Ritschelii
1679 3069 1782 3144 Actis

355 3211 380 3274 t.
405 3203 451 3274 V.
479 3229 513 3298 p.
540 3207 585 3275 35
615 3208 657 3277 de
680 3215 848 3295 quattuor
873 3207 944 3277 illis
969 3208 1054 3279 locis
1082 3208 1164 3278 dixi.

481 3341 606 3413 Finem
633 3342 760 3415 faciant
786 3345 809 3416 l,
839 3343 884 3414 V.
914 3366 980 3415 vu.⁴
996 3344 1208 3433 351-379,
1236 3364 1383 3431 querum
1410 3365 1492 3434 pars
1520 3365 1563 3414 en
1590 3345 1616 3415 l.
1643 3342 1699 3415 III
1723 3367 1780 3416 vv.

355 3478 555 3549 sol-816
582 3480 710 3576 iterata
734 3486 799 3570 est
827 3480 864 3550 in
891 3478 1016 3568 quibus
1038 3479 1231 3568 composita
1257 3485 1395 3550 exstant
1421 3480 1571 3569 primum
1599 3481 1654 3570 id,
1687 3481 1780 3569 quud

353 3613 457 3684 inane
480 3635 604 3703 purum
633 3622 698 3706 est,
726 3623 799 3687 tum
825 3617 987 3707 spatium,
1016 3616 1111 3704 quud
1138 3616 1239 3704 tangi
1262 3617 1386 3704 nequit
1402 3637 1468 3706 per
1486 3639 1587 3688 suam
1605 3622 1779 3708 naturam,

266 3755 270 3764 '
354 3751 504 3839 denique
528 3773 739 3824 summarum
769 3752 919 3852 snmmaf,
950 3759 1049 3824 extra
1080 3775 1186 3842 quam
1222 3752 1340 3822 nullus
1364 3759 1419 3824 est
1445 3753 1543 3826 locus
1566 3754 1623 3824 vel
1651 3753 1780 3843 plenus

352 3886 409 3956 vel
433 3907 576 3961 vacuus.
625 3888 785 3961 Mundus
813 3895 919 3982 enim,
946 3893 1043 3965 cuius
1072 3910 1163 3963 nunc
1193 3889 1263 3979 ipsi
1288 3911 1407 3960 sumus
1431 3897 1564 3982 partes,
1589 3896 1781 3981 prepterea

352 4021 530 4107 periturus
556 4044 633 4093 esse
661 4024 801 4116 dicitur,
826 4026 908 4114 quia
931 4045 1045 4113 ireque
1072 4023 1205 4095 solidus
1237 4025 1301 4115 sit,
1333 4028 1483 4116 quonium
1511 4028 1717 4094 udmierumsr
1744 4029 1780 4094 in

354 4156 448 4224 rebus
473 4159 568 4226 inane
592 4181 623 4230 v.
652 4160 737 4251 365,
765 4161 857 4248 quod
882 4182 1008 4251 purum
1031 4160 1135 4230 inane
1163 4165 1239 4250 est‚
1263 4181 1376 4248 neque
1401 4159 1528 4232 ictibus
1553 4161 1660 4231 nullis
1679 4159 1779 4232 feriri

352 4291 465 4380 possit
490 4300 530 4365 ut
558 4295 654 4362 inune
679 4317 734 4365 vr.
756 4296 829 4367 357
848 4302 884 4367 et
904 4296 989 4388 366,
1014 4295 1107 4383 qued
1125 4295 1169 4366 ad
1190 4295 1305 4365 omnis
1324 4297 1430 4385 spatii
1449 4302 1609 4368 naturum
1628 4302 1780 4386 spectat,
