4002 5238
1743 317 1781 368 13

355 492 450 582 ipse,
476 511 519 560 ne
544 490 581 559 iu
610 510 766 560 errorem
797 510 858 560 eus
886 489 946 577 qui
973 489 1134 578 legerent
1157 489 1358 579 induceret,
1393 490 1449 562 hic
1482 490 1620 578 quidem
1653 489 1779 582 effecit,

354 628 407 698 eis
434 648 518 698 usus
545 625 740 716 vocabulis,
769 628 895 715 quibus
926 648 1097 715 nusquam
1127 627 1231 696 inane
1265 648 1389 716 purum
1426 627 1649 716 significavit:
1691 630 1779 698 loeas

304 791 315 813 ·
352 785 392 832 ae
426 765 563 854 apetiam
596 765 681 853 qaod
721 765 819 832 inane
857 784 1003 830 veeamas
1041 766 1076 831 et
1108 762 1218 852 inane,
1258 783 1398 851 corpora
1427 755 1464 828 'in
1496 785 1561 852 qao
1592 764 1654 830 sita
1683 777 1778 844 sant,¹

354 899 484 1004 quibus
517 897 722 986 ubicumque
758 898 886 969 similia
914 898 1072 988 scripsit7
1110 897 1275 966 deterius
1303 896 1409 986 spatii
1449 897 1505 967 vel
1540 897 1779 986 magnitudine

353 1035 412 1106 vel
436 1041 564 1134 natura
588 1033 790 1123 disputavit.
1278 1007 1282 1016 ⁵

479 1169 618 1240 Verum
645 1191 714 1239 neu
741 1191 880 1261 semper
896 1176 967 1241 tam
988 1141 1109 1242 subtili
1129 1171 1352 1242 distinctione
1378 1192 1464 1260 epus
1492 1177 1558 1262 est,
1583 1191 1659 1244 cum
1684 1173 1779 1244 inter

355 1307 468 1378 omnis
494 1306 601 1396 spatii
626 1312 663 1376 et
688 1306 802 1376 inanis
830 1307 910 1396 puri
937 1323 1085 1374 necarem
1114 1307 1202 1377 nihil
1230 1307 1389 1378 intersit:
1427 1315 1612 1396 utrumque
1645 1329 1708 1399 per
1741 1331 1778 1380 se

352 1445 459 1515 inane
487 1449 542 1513 est
568 1464 682 1531 neque
708 1464 772 1513 sua
799 1443 908 1532 ipsius
934 1444 981 1533 vi,
1009 1451 1048 1514 ut
1074 1445 1265 1536 repleatur,
1291 1421 1428 1516 efficere
1449 1449 1588 1537 potest,
1613 1450 1778 1517 neutrum

353 1580 411 1650 vel
437 1585 584 1668 tangere
613 1579 670 1650 vel
697 1559 795 1668 tangi
819 1599 923 1669 pesse
952 1579 1166 1670 supradixi.

486 1713 596 1788 Velut
610 1716 648 1786 in
662 1715 836 1807 versibus,
856 1717 916 1805 qui
931 1715 1011 1787 illos
1027 1723 1204 1807 secuntur,
1221 1716 1246 1786 l.
1261 1713 1280 1786 I
1295 1716 1508 1806 ido—482,
1527 1732 1602 1787 cum
1617 1713 1659 1786 de
1675 1714 1780 1804 spatii

355 1855 392 1920 et
419 1849 575 1938 corporis
602 1849 720 1920 indole
747 1851 956 1941 disputaret,
985 1851 1089 1922 etiam
1117 1851 1237 1922 alteris
1264 1845 1349 1942 illis,
1384 1871 1472 1940 quae
1491 1850 1619 1941 prioris
1639 1849 1778 1939 generis

354 1991 450 2077 sunt,
476 1986 656 2057 vocabulis
682 1987 734 2056 uti
759 1986 899 2076 licebat,
928 1985 1053 2074 quibus
1079 1989 1223 2054 intactile
1248 2007 1370 2060 vocem
1399 1986 1544 2060 adiecit:

442 2185 507 2250 430
528 2181 700 2249 Praeterea
720 2186 769 2249 nii
789 2189 836 2248 est
854 2185 937 2266 qaod
948 2185 1059 2264 possis
1081 2183 1183 2247 disere
1205 2184 1243 2246 ad
1263 2186 1349 2247 omni

533 2301 668 2384 Corpore
690 2295 864 2367 salanellum
883 2309 1092 2384 secretamque
1115 2323 1182 2366 esse
1205 2303 1243 2367 ab
1263 2304 1366 2381 inani,

532 2422 621 2502 Qaeet
640 2425 733 2504 qnasi
755 2424 849 2486 tertia
869 2425 912 2487 sit
932 2444 1060 2488 mamere
1083 2427 1201 2487 natara
1219 2427 1353 2502 reperta.

323 2669 329 2684 ·
442 2645 505 2709 437
529 2641 590 2708 Sin
611 2644 752 2710 intactile
773 2645 842 2723 erit,
865 2644 955 2709 nalla
976 2645 1013 2708 de
1027 2649 1124 2724 parte
1145 2643 1228 2724 qaod
1246 2644 1345 2708 allam

527 2758 609 2825 Rem
623 2760 790 2842 prohibere
811 2767 905 2844 qaeat
918 2781 982 2844 per
1002 2783 1036 2826 se
1058 2764 1196 2827 transire
1218 2767 1381 2842 meantem,

530 2877 665 2958 Scilicet,
687 2879 742 2944 lma
762 2881 800 2945 id
819 2883 889 2961 erit,
911 2869 1044 2946 eaeaarn
1064 2882 1146 2962 qaod
1164 2881 1261 2946 inane
1281 2900 1435 2986 aaeamas.
1545 2871 1548 2882 ’

442 3103 507 3169 440
528 3101 699 3168 Praeterea
713 3124 776 3185 per
797 3122 831 3167 se
852 3103 933 3184 qnod
954 3121 1080 3182 eamqae
1094 3101 1164 3184 ,erit
1185 3105 1241 3164 aat
1253 3097 1357 3182 faeiat
1376 3099 1455 3180 qaid

527 3219 597 3284 Ant
617 3222 694 3287 aliis
710 3221 813 3304 fanni
834 3219 951 3285 debebit
972 3197 1137 3302 ayentidas
1156 3220 1272 3300 inssam,

525 3339 596 3404 Ant
616 3343 677 3404 erit
696 3346 732 3404 nt
747 3341 876 3422 possint
898 3341 933 3404 in
954 3359 988 3402 ee
1005 3358 1058 3402 res
1079 3357 1146 3402 esse
1167 3329 1312 3421 aeriqae:

414 3475 418 3486 ·
528 3458 576 3523 At
591 3458 704 3542 faeere
725 3464 755 3523 et
767 3459 869 3542 sanai
890 3460 959 3523 sine
981 3477 1106 3538 corpore
1127 3457 1218 3522 natta
1232 3461 1338 3538 potest
1357 3476 1419 3536 res,
1497 3467 1502 3478 '
1623 3469 1627 3478 ’

450 3605 453 3612 ·
527 3578 597 3644 Nee
612 3580 766 3660 praebere
789 3579 887 3643 laeam
902 3598 1001 3659 narro
1022 3577 1089 3640 nisi
1108 3557 1206 3640 taine
1226 3581 1409 3658 ndeansqae.

528 3695 616 3780 Erae
631 3703 764 3778 praeter
785 3699 882 3762 inane
904 3703 934 3762 et
954 3718 1085 3778 remora
1106 3697 1201 3759 tertia
1214 3716 1278 3776 per
1298 3715 1331 3758 se

528 3813 634 3880 Natta
648 3821 753 3896 petest
773 3837 881 3881 reram
902 3818 939 3880 in
958 3836 1087 3881 namero
1108 3819 1228 3879 natare
1248 3815 1393 3895 relinqai.

353 4018 429 4092 Iam
457 4022 676 4112 diligentiam
707 4024 857 4095 hominis
884 4023 1114 4095 animadverti
1146 4023 1268 4114 velim,
1307 4025 1378 4116 qui,
1412 4015 1610 4114 quiunquam
1640 4023 1776 4095 nullum

352 4157 506 4246 spatium
532 4180 607 4231 rem
644 4165 883 4230 transeuntem
916 4159 1103 4249 prohibere
1130 4161 1187 4230 vel
1221 4151 1335 4233 lecum
1363 4183 1433 4232 non
1460 4160 1630 4252 praebere
1658 4159 1776 4233 dicere

351 4297 506 4386 poterat,
531 4303 649 4366 tamen
674 4295 811 4368 adicere
839 4295 1015 4386 maluerit⁷
1041 4312 1198 4388 corpora,
1226 4297 1256 4367 si
1282 4296 1380 4368 illius
1398 4302 1536 4387 partem
1560 4294 1775 4386 obtinerent,

1516 4461 1550 4514 23
