4002 5238
1684 351 1718 404 39

181 595 191 604 ,
262 565 265 569 -
298 519 450 608 primum
475 516 560 590 11666
588 524 686 590 sunt:
715 541 830 608 666666
854 521 948 588 inani
969 522 1145 592 distinctum
1171 523 1195 594 l.
1219 521 1239 594 I
1264 545 1295 595 v.
1324 525 1419 618 524,
1446 542 1589 614 exempto
1617 527 1711 596 rebus

293 657 390 726 inani
411 657 435 728 l.
460 655 549 729 Ivv.
570 658 655 749 660,
675 657 770 750 742,
796 681 909 748 eorpus
933 659 1028 728 innui
1048 661 1139 749 finiri
1163 661 1187 732 l..
1204 660 1224 733 I
1243 683 1274 736 v.
1291 663 1412 756 1009,
1438 665 1575 734 mixtum
1602 688 1716 756 666666

292 794 388 862 inani
412 793 435 864 l.
460 792 514 866 VI
537 796 682 885 69111,
704 795 779 884 pius
803 796 909 864 inanis
932 795 956 866 l.
983 793 1003 865 Ἰ
1027 819 1059 868 v.
1082 798 1173 891 365,
1199 815 1316 869 notura
1341 800 1449 869 inanis
1476 801 1500 871 l.
1519 799 1548 872 I.
1567 823 1599 876 v,
1622 802 1713 893 363,

292 928 387 1000 iuaue
407 954 512 1000 uerum
536 933 560 1004 l.
580 935 596 1003 I
614 955 645 1004 v.
666 934 752 1025 517,
777 934 868 1022 quod
886 931 1018 1006 frustra
1036 937 1078 1009 ab
1098 936 1176 1007 aliis
1197 942 1233 1008 66
1252 958 1273 1007 6
1290 957 1327 1033 66
1347 937 1423 1027 ipso
1443 938 1525 1010 olim
1543 943 1713 1010 6666666

292 1090 368 1141 6666
403 1068 595 1160 Briegerus
628 1071 664 1141 in
695 1069 863 1144 Bursiani
894 1073 1149 1144 commentariis
1185 1038 1406 1164 philologieis
1441 1080 1466 1145 6.
1500 1073 1518 1144 I
1550 1095 1584 1164 p.
1613 1075 1712 1146 1105

292 1228 404 1296 nuper
431 1205 609 1296 professus
634 1213 697 1279 est.
751 1207 840 1280 Tum
863 1207 930 1280 hue
952 1209 1140 1298 pertinent·
1156 1211 1222 1278 siue
1246 1211 1340 1278 inani
1360 1209 1385 1280 1.
1404 1208 1422 1281 Ι
1439 1231 1494 1281 66.
1516 1211 1601 1303 996,
1622 1212 1707 1304 510,

293 1348 377 1438 532,
406 1347 499 1435 538,
536 1347 574 1412 ub
597 1347 691 1414 inani
715 1368 746 1416 v.
774 1347 867 1438 431,
895 1363 1019 1435 praeter
1042 1347 1137 1416 inune
1163 1369 1194 1417 v.
1225 1348 1318 1436 445,
1352 1348 1387 1414 in
1414 1347 1509 1422 inani
1531 1370 1564 1418 v.
1591 1346 1710 1439 1078,

192 1573 197 1579 ¹
289 1505 345 1571 per
371 1485 465 1552 inune
490 1482 514 1552 1.
540 1449 578 1552 ΙΪ
602 1503 657 1554 vv.
683 1481 855 1576 89,116,
883 1483 968 1575 217,
996 1484 1091 1575 226,
1118 1481 1220 1556 1111
1246 1505 1276 1553 v.
1306 1483 1376 1575 17,
1402 1490 1438 1556 66
1463 1487 1558 1554 inune
1579 1507 1707 1576 purum,

290 1621 445 1710 quietum,
474 1633 586 1710 rorum,
618 1620 834 1711 profundum,
868 1635 1041 1711 neopnum,
1074 1643 1218 1690 nocuum.
1279 1619 1412 1692 Contra
1445 1622 1563 1693 nullus
1596 1627 1711 1695 exstat
1751 1668 1753 1672 -

290 1755 406 1847 16666,
443 1776 511 1843 quo
543 1777 607 1845 pro
641 1757 809 1828 adieetivo
842 1758 1031 1847 accipiatur
1058 1777 1200 1831 6666666
1228 1757 1291 1829 sit:
1328 1779 1408 1828 nam
1439 1757 1463 1827 1.
1493 1755 1707 1843 1116832

290 1893 394 1964 aliter
418 1913 562 1982 prorsus
594 1900 813 1982 comparatus
845 1900 919 1986 666,
960 1914 1035 1968 666
1070 1916 1139 1966 666
1170 1893 1258 1962 locus
1291 1896 1397 1962 inanis
1429 1899 1532 1983 poeta
1568 1892 1707 1986 dixerit,

228 2033 231 2040 '
290 2029 352 2101 sed
376 2052 476 2120 prope
510 2031 558 2098 uri
586 2032 672 2099 loeus
703 2032 752 2100 irie
784 2033 949 2122 linquatur
982 2034 1107 2124 inanis,
1141 2037 1181 2103 66
1214 2033 1322 2100 inanis
1351 2032 1506 2122 linquitur
1540 2036 1575 2103 66
1602 2051 1707 2105 unum

290 2165 418 2238 afficiat
463 2172 499 2238 66
542 2167 634 2238 idem
677 2169 724 2238 616
768 2174 872 2256 atque
920 2170 1086 2260 inanitur⁷
1128 2183 1296 2258 nae-uetur,
1334 2170 1458 2259 oucefic,
1496 2167 1539 2237 de
1579 2167 1706 2255 quibus

251 2299 262 2324 ‘
289 2323 396 2393 supra
422 2303 609 2392 disputavi.
661 2301 856 2392 Propterea
882 2327 994 2394 neque
1022 2324 1097 2378 666
1124 2307 1249 2377 ceteris
1274 2305 1381 2376 istum
1406 2303 1520 2373 16666
1544 2301 1704 2374 conferre

288 2438 386 2530 11666,
420 2460 532 2527 neque
561 2439 590 2510 si
617 2437 766 2511 conferri
788 2447 918 2534 posset,
946 2463 1021 2512 666
1039 2459 1122 2526 666
1145 2439 1260 2513 Ρ61116
1285 2442 1411 2510 iustam
1447 2439 1705 2512 exeusationem

191 2605 197 2614 ·
290 2575 472 2668 haberem,
508 2577 599 2667 quod
627 2576 806 2666 despatio
834 2577 932 2649 finito
966 2585 1150 2669 ageretur3
1185 2599 1264 2649 nam
1298 2577 1500 2665 saepissime
1534 2576 1629 2643 inune
1660 2574 1704 2646 ad

289 2712 366 2787 loca
392 2713 522 2784 finibus
549 2714 773 2786 circumclusa
799 2713 1020 2786 referendum
1048 2736 1124 2786 6666
1151 2736 1257 2804 supra
1280 2713 1411 2784 monui.
1474 2710 1597 2800 Itaque
1626 2731 1703 2784 666
1728 2777 1729 2780 ,
1782 2814 1784 2818 Ι

285 2851 380 2919 inune
405 2850 589 2943 permultis
614 2850 700 2923 locis
727 2852 924 2924 necessario
944 2852 990 2922 sit
1007 2851 1275 2942 substantivum,
1301 2850 1399 2920 nullo
1417 2847 1701 2920 6661166666616

288 2988 506 3080 6616661666,
533 2987 601 3058 iam
629 3007 680 3078 ea,
707 3008 794 3075 quae
820 3008 884 3077 per
910 3009 947 3058 66
975 2988 1137 3077 ambigua
1164 2993 1198 3058 66
1225 2986 1388 3076 ancipitia
1413 2990 1506 3077 6666,
1533 2985 1577 3055 ad
1601 2984 1700 3074 prius

285 3125 374 3197 illud
400 3146 510 3213 genus
537 3125 715 3215 pert-inere
739 3124 928 3195 verisimile
964 3131 1036 3216 666,
1067 3130 1149 3196 6666
1176 3125 1267 3195 enim
1292 3124 1394 3194 haec:
1422 3121 1472 3190 nil
1496 3123 1581 3211 quud
1606 3122 1701 3187 inune

286 3277 412 3332 uocaret
429 3262 453 3332 l.
473 3261 492 3332 I
509 3283 540 3333 v.
558 3261 650 3352 520,
674 3277 717 3329 ese
744 3262 919 3329 admixtum
942 3245 1046 3350 rebus,
1075 3263 1162 3352 quod
1187 3263 1282 3329 inane
1303 3282 1452 3331 nocemus
1475 3257 1500 3328 l.
1519 3255 1538 3328 I
1554 3279 1586 3329 v.
1610 3256 1701 3348 369,

286 3401 370 3467 loeus
392 3423 429 3468 66
455 3399 604 3489 sponium,
633 3400 716 3487 quod
742 3400 835 3466 inune
860 3422 1006 3466 vocamus
1032 3399 1056 3468 1.
1076 3397 1094 3469 I
1111 3420 1164 3469 vv.
1183 3395 1271 3488 426,
1298 3394 1590 3494 1074,6666’666,
1617 3393 1703 3483 quod

286 3536 380 3602 inune
414 3558 560 3603 nocemus
593 3535 617 3606 l.
651 3533 669 3604 Ι
696 3556 727 3604 V.
753 3532 843 3624 507,
879 3537 963 3625 quod
996 3537 1089 3604 inune
1121 3548 1304 3624 repertumst
1336 3533 1359 3602 1.
1387 3531 1461 3602 Iv.
1489 3531 1583 3622 954,
1617 3529 1702 3620 pund

288 3675 381 3742 inune
407 3687 507 3740 autern
534 3687 575 3740 661
600 3672 623 3742 1.
644 3670 732 3742 Ivv.
752 3671 863 3762 1010,
891 3671 1000 3742 1079.
1029 3715 1078 3727 ·-
1105 3669 1239 3742 oonna
1261 3669 1395 3738 nuruum
1423 3667 1562 3758 saepius
1589 3665 1699 3737 adiee-

288 3811 397 3882 tivum
424 3830 525 3897 quam
552 3809 806 3881 substantivum
833 3813 897 3879 est.
1140 3889 1142 3894 ¹

409 3945 593 4018 Postremo
628 3944 906 4033 Stuerenburgio
940 3943 1245 4018 contradicendum
1271 3946 1343 4031 666,
1378 3941 1437 4029 qui
1470 3961 1503 4028 p.
1534 3938 1606 4008 113
1630 3935 1700 4007 Lu·

286 4087 431 4160 aretium
456 4108 519 4177 pro
548 4087 634 4155 6666
660 4085 764 4177 spatio
795 4083 935 4154 brevius
967 4104 1057 4149 unane
1089 4080 1216 4151 dixisse
1248 4077 1450 4148 arbitratur.
1506 4073 1583 4145 Hoc
1607 4073 1699 4143 enim

286 4224 390 4295 aliter
417 4223 656 4313 explicandum
681 4227 744 4292 666.
803 4221 903 4289 Omne
926 4225 961 4289 66
978 4218 1113 4308 spolium
1133 4217 1312 4283 uniuersum
1331 4233 1406 4285 curn
1428 4211 1549 4283 eodem
1567 4208 1700 4280 ambitu

286 4363 367 4454 6166,
396 4383 466 4432 666
494 4381 630 4449 semper
656 4357 805 4448 661666,
833 4357 875 4427 de
902 4361 980 4426 uiro
1006 4355 1112 4445 (11666,
1139 4350 1358 4423 manifestum
1386 4356 1456 4422 est:
1484 4369 1522 4422 66
1549 4350 1699 4438 primum
