4002 5238
1610 355 1818 439 Urs.

263 565 283 648 j
325 575 450 645 cerpus
478 577 591 644 neque
611 557 715 628 inane
734 555 872 646 purum'
886 577 950 646 per
977 577 1015 629 se
1039 556 1175 628 finitum
1198 555 1285 649 fere,
1305 560 1443 632 etiamsi
1461 561 1611 633 alterum
1636 562 1749 634 altere
1853 581 1859 594 ·

307 670 427 762 vlinire
445 699 571 766 natura
582 689 747 764 desistet.
790 695 841 765 At
859 714 912 784 ea,
939 713 1028 782 quae
1048 711 1140 766 nunc
1163 700 1316 798 exstant,
1342 696 1387 767 ad
1409 696 1499 768 illud
1517 695 1748 770 refellendum

214 895 218 904 .
326 834 484 916 spectant
500 819 640 920 emnia,
674 829 780 902 huius
812 848 875 901 nec
909 828 989 900 vole
1024 851 1088 903 nec
1114 831 1302 922 vestigium
1325 840 1483 922 apparet.
1538 833 1657 924 Quare
1683 835 1749 908 hec

323 962 729 1039 intercidisse'coicienti
756 987 828 1037 non
849 965 1017 1036 haberem
1043 967 1136 1055 quod
1161 973 1283 1038 contra
1308 934 1470 1059 dicerem
1490 968 1628 1040 etiamsi
1650 941 1750 1041 nulia

324 1108 509 1190 praeterea
535 1102 681 1176 lacunae
707 1103 838 1186 iudicia
862 1108 1055 1174 exstarent.
1108 1100 1161 1174 At
1186 1124 1270 1174 vero
1296 1103 1492 1175 certissima
1518 1103 1593 1176 eius
1620 1105 1750 1178 indicia
1806 1167 1809 1174 ,

324 1258 508 1327 superesse
527 1245 608 1328 post
623 1237 823 1311 Madvicum
840 1219 1108 1326 nemo'negavit.
1136 1237 1231 1328 Quid
1248 1239 1358 1342 igitur
1377 1246 1432 1310 est
1450 1259 1513 1312 cur
1531 1239 1745 1332 dubitemus,
1848 1325 1852 1334 Ι

290 1463 292 1470 Α
323 1373 406 1461 quin
441 1371 495 1465 id,
523 1375 616 1463 qued
645 1375 786 1446 reticeri
812 1397 916 1464 aegre
941 1375 1102 1466 ierimus,
1136 1395 1208 1445 una
1233 1389 1315 1446 cum*
1336 1376 1413 1447 eius
1439 1345 1533 1465 qnod
1558 1377 1747 1466 exponitur

322 1509 424 1580 initio
451 1509 599 1599 periisse
623 1515 827 1582 statuamus.
875 1507 1010 1584 Ve'rum
1036 1511 1128 1582 enim
1155 1531 1238 1582 vero
1264 1511 1455 1582 cavendum
1474 1516 1551 1604 est7
1572 1522 1617 1583 ne
1635 1511 1749 1586 Lach-

321 1633 448 1716 menuo
491 1653 526 1718 et
567 1646 645 1716 aliis
671 1647 864 1738 'credamus
900 1645 1046 1736 Epicuri
1075 1647 1176 1734 ,illam
1209 1613 1381 1718 rationem
1414 1647 1604 1740 excidissea
1642 1669 1746 1736 quam
1847 1613 1851 1622 ι

323 1803 431 1871 supra
449 1782 569 1853 attuli:
598 1780 662 1850 εἴτε
688 1781 728 1862 τὸ,
747 1781 842 1851 κενὸν.
862 1781 903 1877 ἧν
930 1782 1118 1877 ὡρισμένον,
1136 1767 1202 1868 ’,οὐκ
1229 1780 1268 1850 ἂν
1292 1781 1362 1875 εἶχε
1387 1781 1428 1851 τὰ
1457 1780 1578 1879 ἄπειρα
1605 1786 1748 1877 σώματα

323 1916 405 1992 dene
433 1917 560 2014 ἐνέστη.
605 1889 710 2009 'Quid
738 1920 852 1990 enim?
896 1916 937 1991 Si
954 1919 1058 1989 inane
1077 1940 1203 2008 purum
1225 1919 1362 1990 finitum
1381 1926 1487 2012 esset,
1512 1939 1658 2010 corpora
1677 1942 1748 1992 nen

322 2053 497 2125 habereut
523 2055 583 2143 ubi
610 2057 725 2145 posita
752 2057 894 2126 essent?
937 2052 1083 2126 Minime
1105 2077 1198 2126 vero.
1242 2052 1335 2125 Nam
1355 2057 1492 2128 etiamsi
1512 2047 1620 2127 vacua
1637 2057 1748 2128 totius
1784 2123 1788 2132 .

323 2177 428 2279 spatii
455 2211 537 2280 pars
565 2192 666 2263 finita
689 2198 795 2283 esset,
821 2197 938 2262 tamen
957 2181 1015 2281 ea,
1043 2211 1131 2278 quae
1159 2191 1266 2280 plene
1284 2198 1359 2282 est·
1374 2213 1443 2261 non
1469 2193 1584 2262 minus
1609 2192 1749 2264 infinita

323 2331 433 2430 esset·
450 2345 552 2415 quam
582 2328 730 2397 materia
764 2347 841 2397 eam
866 2327 1061 2418 complensa
1099 2347 1211 2414 neque
1238 2326 1333 2397 locus
1360 2327 1543 2397 materiam
1569 2328 1746 2400 deficeret.

238 2459 240 2464 ’
324 2462 436 2534 Aliud
467 2463 585 2533 fieret:
620 2484 662 2533 ea
691 2467 827 2553 tentum
859 2481 1025 2553 corpora,
1055 2483 1145 2551 quae
1180 2463 1277 2532 iuxte
1297 2463 1497 2556 ¹parvulum
1523 2463 1614 2552 illud
1639 2465 1746 2538 inane

324 2599 439 2686 posite
466 2604 596 2688 esseut,
621 2599 754 2669 moveri
771 2606 926 2700 possent7
953 2604 1071 2672 cetera
1094 2598 1143 2687 (id
1163 2602 1216 2668 est
1233 2581 1369 2670 tantum
1389 2620 1458 2669 non
1478 2573 1608 2690 omnia)
1628 2600 1748 2688 quieta

323 2736 497 2825 iacerent3
537 2735 635 2826 etqui
665 2757 734 2806 nen
768 2752 941 2824 perpauca
950 2788 965 2825 a.
988 2734 1198 2808 sedemnie
1227 2752 1374 2823 corpora
1403 2736 1536 2805 moveri
1568 2735 1748 2826 videmus3
1778 2757 1781 2766 ’

325 2871 444 2958 itaque
478 2890 554 2943 cum
589 2871 750 2941 omnibus
776 2873 880 2941 inane
905 2887 1032 2960 purum
1054 2869 1203 2972 vicinum
1231 2853 1288 2961 su,
1311 2870 1398 2958 ipsis
1424 2870 1496 2940 illis
1523 2871 1637 2941 minus
1665 2891 1744 2942 esse
1821 2891 1824 2898 ’

324 3007 457 3093 nequit.
509 3005 580 3077 Vel
605 3007 691 3080 haec
718 3007 775 3077 vel
799 3007 926 3076 similia
958 3005 1404 3096 Lueretius‚nisifa110r,
1433 2999 1686 3097 respondisset,
1713 3007 1744 3077 si

325 3141 414 3211 illud
441 3111 491 3211 ex*
509 3162 549 3212 ee
579 3143 821 3229 quaesivisses.
874 3142 973 3231 Quae
998 3158 1073 3212 cum
1100 3142 1150 3212 ita
1177 3143 1260 3232 sint7
1287 3119 1476 3230 Epicurum
1503 3142 1527 3211 l.
1547 3161 1577 3212 c.
1601 3163 1671 3213 nun
1699 3143 1743 3215 de

193 3335 199 3348 .
282 3277 421 3366 ¹inani
439 3298 539 3368 pure7
559 3278 629 3348 sed*
641 3279 683 3349 de
705 3279 867 3349 universo
887 3279 1000 3365 spatie
1020 3277 1252 3366 disputavisse
1270 3274 1494 3348 manifestum
1511 3283 1576 3348 est.
1605 3277 1744 3368 Quibus
1845 3333 1849 3344 .
1940 3275 1941 3301 ¹

290 3419 296 3432 ’
325 3412 463 3486 obicere
490 3414 563 3504 noli
586 3411 775 3503 Epicurum
802 3412 837 3480 τὸ
864 3413 954 3481 κενόν
981 3414 1111 3504 dicere,
1138 3412 1230 3501 qued
1255 3413 1360 3483 inane
1386 3433 1514 3502 purum
1542 3414 1597 3484 sit.
1650 3411 1744 3514 Nam
1787 3445 1791 3454 ·

242 3619 246 3628 ,
326 3553 366 3618 ut
386 3546 582 3620 ¹Lucretius
611 3551 661 3621 ita
696 3550 757 3620 ille
790 3570 925 3638 quoque
957 3571 1026 3621 uno
1063 3549 1232 3622 vocabulo
1268 3556 1303 3618 et
1338 3549 1443 3618 inane
1463 3570 1560 3626 ,vere
1596 3568 1745 3622 vacuum

326 3691 363 3762 et
389 3690 501 3756 tetum
532 3665 682 3788 spatium
712 3685 931 3776 significavit.
993 3685 1077 3759 Hoc·
1101 3690 1217 3756 autem
1241 3685 1333 3775 lece,
1357 3685 1446 3772 ¹quin
1473 3683 1518 3754 ad
1548 3690 1660 3773 tetum
1692 3705 1746 3754 re·

125 3871 127 3878 s
223 3891 226 3898 ,
327 3822 492 3912 spenerit7
520 3820 686 3892 dubitari
702 3822 842 3910 nequit:
880 3843 959 3892 nam
993 3811 1024 3892 si
1052 3842 1152 3892 omne
1185 3821 1336 3908 spatium
1363 3819 1502 3906 finitum¹
1526 3827 1638 3910 esset,
1670 3824 1752 3889 tum·

327 3964 422 4028 certe
457 3951 604 4046 corpora
633 3958 951 4056 -numeroinfinita
979 3978 1093 4046 neque
1114 3955 1237 4057 'lecum
1266 3943 1441 4026 heberent
1466 3975 1579 4042 neque
1605 3960 1744 4026 exstare

326 4098 499 4182 poterant.
719 4089 722 4098 ’
1076 4066 1079 4074 ’
1679 4087 1681 4093 ⁴

452 4227 628 4321 imprimis
646 4250 729 4301 vere
740 4205 989 4302 memorabilis·
1003 4228 1060 4301 hic
1077 4228 1186 4334 locus,
1201 4233 1267 4319 est,
1295 4228 1422 4318 quippe
1450 4250 1518 4332 quo
1545 4229 1746 4328 luculenter

244 4393 260 4468 ἰ
296 4370 510 4468 appareat,
544 4366 581 4436 in
616 4365 739 4454 quales
768 4345 997 4460 interpretes
1016 4384 1156 4436 errores
1190 4363 1403 4435 incurrerint
1435 4363 1539 4436 ina‘ne
1571 4343 1696 4456 purum
1725 4387 1747 4436 a
